2014 3392
2003 148 2007 175 1

681 203 939 251 VELLEI
978 202 1379 252 PATERCVLI
1984 177 2004 330 ὁ

136 355 173 404 9
265 379 275 389 .
316 379 326 389 .
366 379 376 388 .
417 356 568 404 quam
604 339 833 389 timuerat
867 338 1037 399 hostis,
1075 338 1271 402 expetit.
1344 355 1462 387 narn
1496 338 1701 388 biennio
1735 341 1863 388 adeo

197 421 332 471 uaria
379 423 576 471 fortuna
624 438 740 470 cum
789 419 1076 470 consulibus
1126 408 1450 480 conflixerat,⁹
1473 429 1527 469 ut
1573 421 1864 483 plerumque
1991 472 1996 481 ι

199 502 420 566 superior
455 504 580 552 foret
615 518 947 565 magnamque
981 509 1172 564 partem
1211 500 1448 550 Graeciae
1482 501 1534 549 in
1576 501 1863 551 societatem
1991 490 2002 506 ³

154 604 171 631 2
198 601 339 633 suam
379 585 683 647 perduceret.
769 581 891 646 quin
933 581 1122 631 Rhodii
1160 598 1374 645 quoque,
1412 582 1686 632 fidelissimi
1720 593 1867 632 antea
1991 585 2000 643 i

200 666 458 726 Romanis,
507 675 614 714 turn
661 664 816 714 dubia
864 665 965 713 fide
1015 663 1255 727 speculati
1308 666 1557 713 fortunam
1611 665 1866 728 proniores
1891 687 1912 726 5
1989 658 2000 717 ἓ

199 747 324 812 regis
370 747 591 811 partibus
637 746 789 795 fuisse
834 745 929 795 uisi
975 754 1090 794 sunt
1106 763 1122 807 ,·
1173 754 1222 794 et
1267 762 1351 795 rex
1398 748 1650 796 Eumenes
1701 746 1754 795 in
1805 764 1866 795 eo
1990 728 2002 802 ,⁶

199 829 333 878 bello
373 828 568 878 medius
606 827 698 876 fuit
734 826 918 887 anim0,
956 843 1121 889 neque
1157 826 1315 876 fratris
1355 826 1507 876 initiis
1549 845 1713 891 neque
1749 845 1867 876 suae
1991 745 2004 894 i

152 931 176 970 3
199 910 454 974 respondit
478 908 841 959 consuetudini.
913 917 1019 957 tum
1045 917 1244 958 senatus
1267 911 1582 973 populusque
1608 912 1868 959 Romanus
1992 902 2004 959 ἓ

202 996 255 1042 L.
275 992 545 1042 Aemilium
565 993 789 1052 Paulum,
811 990 898 1054 qui
921 999 970 1040 et
993 999 1187 1054 praetor
1205 999 1254 1040 et
1272 993 1447 1040 consul
1465 991 1866 1055 triumphauerat,
1992 960 2005 1065 Ξ

199 1075 362 1124 uirum
399 1074 452 1123 in
493 1082 686 1123 tantum
727 1074 1050 1133 laudandum,
1081 1072 1133 1121 in
1174 1082 1417 1136 quantum
1458 1073 1677 1138 intellegi
1714 1075 1868 1124 uirtus
1897 1093 1946 1121 10
1978 1067 1999 1105 f

201 1166 379 1220 potest,
409 1154 688 1222 [consulem
713 1152 935 1221 creauit,]
962 1154 1119 1203 filium
1144 1154 1249 1204 eius
1274 1155 1429 1216 Pauli,
1456 1155 1542 1219 qui
1565 1157 1631 1206 ad
1667 1158 1867 1207 Cannas
1992 1080 2006 1223 i

201 1254 353 1301 quarn
411 1236 786 1300 tergiuersanter
848 1235 1178 1299 perniciosam
1236 1235 1306 1285 rei
1363 1236 1593 1299 publicae
1650 1253 1868 1301 pugnam

152 1343 178 1381 4
200 1319 388 1379 inierat,
426 1328 528 1368 tam
564 1318 752 1368 fortiter
782 1318 834 1367 in
871 1335 931 1367 ea
965 1327 1177 1367 mortem
1215 1317 1417 1367 obierat.
1489 1318 1530 1368 is
1567 1322 1767 1369 Persam
1803 1320 1872 1367 in-

201 1401 336 1465 genti
370 1401 560 1465 proelio
595 1402 731 1464 apud
764 1400 941 1450 urbem
976 1400 1181 1449 nomine
1219 1402 1444 1464 Pydnam
1480 1401 1532 1450 in
1571 1402 1873 1451 Macedonia

202 1485 368 1532 fusum
392 1484 716 1546 fugatumque
748 1481 918 1531 castris
947 1481 1080 1531 exuit
1109 1482 1384 1546 deletisque
1417 1483 1522 1532 eius
1547 1483 1703 1547 copiis
1727 1485 1873 1533 desti·
1899 1501 1944 1541 15

203 1572 366 1613 tutum
402 1563 541 1612 omni
576 1579 664 1626 spe
699 1562 861 1626 coegit
896 1578 924 1611 e
962 1562 1264 1612 Macedonia
1297 1565 1570 1627 profugere,
1605 1581 1755 1628 quam
1791 1566 1872 1614 ille

203 1645 435 1709 linquens
475 1645 527 1693 in
574 1644 787 1694 insulam
829 1644 1220 1694 Samothraciam
1255 1645 1467 1709 perfugit
1506 1647 1778 1710 templique
1821 1665 1873 1696 se

203 1725 426 1789 religioni
452 1725 727 1788 supplicem
752 1723 974 1774 credidit.
1046 1725 1112 1774 ad
1136 1741 1251 1773 eum
1278 1725 1369 1775 Cn.
1399 1725 1639 1775 Octauius
1662 1736 1870 1790 praetor,

203 1807 290 1872 qui
322 1806 466 1856 classi
499 1814 734 1870 praeerat,
760 1804 987 1869 peruenit
1018 1814 1067 1854 et
1100 1805 1290 1855 ratione
1325 1806 1480 1870 magis
1509 1823 1660 1871 quam
1692 1808 1743 1856 ui
1771 1825 1875 1871 per-

157 1908 178 1947 5
204 1886 370 1947 suasit,
411 1895 466 1935 ut
507 1902 561 1935 se
599 1888 945 1935 Romanorum
985 1885 1103 1935 fidei
1144 1886 1487 1936 committeret.
1575 1887 1644 1937 ita
1691 1891 1873 1937 Paulus
1900 1905 1948 1933 20

205 1966 476 2016 maximum
501 1965 967 2029 nobilissimumque
998 1981 1163 2029 regem
1195 1967 1247 2016 in
1272 1967 1524 2031 triumpho
1549 1968 1699 2018 duxit.
1773 1986 1874 2032 quo

204 2064 339 2097 anno
372 2056 422 2096 et
455 2046 636 2097 Octaui
667 2046 857 2096 naualis
885 2047 1123 2110 praetoris
1156 2056 1205 2097 et
1228 2048 1377 2097 Anici
1405 2065 1571 2112 regem
1597 2050 1873 2113 Illyriorum

209 2126 449 2175 Gentium
484 2134 600 2174 ante
635 2143 832 2174 currum
868 2132 898 2178 †
915 2126 1167 2190 agentium
1200 2126 1438 2191 triumphi
1468 2130 1605 2178 fuere
1639 2131 1871 2180 celebres.

158 2211 184 2251 6
208 2226 359 2272 quam
392 2208 454 2258 sit
485 2208 698 2258 adsidua
730 2207 994 2258 eminentis
1030 2210 1257 2258 fortunae
1292 2226 1462 2259 comes
1493 2210 1684 2260 inuidia
1706 2211 1877 2260 altissi—

208 2292 402 2355 misque
425 2292 704 2350 adhaereat,
726 2289 875 2339 etiam
907 2291 1005 2339 hoc
1034 2289 1198 2353 colligi
1228 2299 1406 2354 potest,
1428 2293 1566 2354 quod
1590 2308 1705 2340 cum
1730 2292 1878 2341 Anici
1903 2315 1920 2341 2
1929 2314 1950 2353 5

209 2371 490 2436 Octauique
525 2371 831 2435 triumphum
867 2387 1017 2419 nemo
1049 2370 1392 2434 interpellaret,
1430 2373 1579 2432 fuere,
1615 2371 1701 2435 qui
1737 2373 1877 2420 Pauli

264 2515 283 2541 1
314 2502 378 2542 hic
393 2501 583 2553 incipitA
613 2502 658 2541 in
675 2513 846 2540 summo
852 2500 933 2551 sol.
950 2512 988 2552 2,
1000 2498 1324 2551 praecedentibus
1336 2499 1402 2538 his
1421 2501 1433 2521 ‘
1446 2499 1732 2549 fragmentum
1751 2501 1877 2551 primi

208 2558 301 2598 libri
320 2557 459 2596 Vellei
487 2556 699 2596 Paterculi
712 2554 723 2572 '
856 2568 882 2605 3
912 2555 1020 2594 foret
1039 2554 1159 2595 Acid.
1182 2559 1220 2594 et
1237 2554 1415 2594 Noua'k:
1452 2554 1578 2594 fuerit
1596 2555 1663 2595 P:
1693 2555 1771 2594 fuit
1791 2555 1875 2595 BA

208 2626 233 2662 4
263 2612 366 2663 quin
389 2612 602 2651 Gelenius:
631 2610 782 2661 quibus
800 2609 913 2649 AP:
942 2623 997 2649 ex
1016 2610 1170 2660 quibus
1188 2609 1315 2649 Herel
1428 2614 1555 2648 antea
1574 2608 1659 2648 BA
1683 2623 1692 2648 ε
1722 2615 1822 2649 ante
1840 2610 1883 2649 P

209 2679 235 2718 5
265 2668 472 2718 primores
490 2665 533 2704 A
651 2678 699 2705 11
731 2677 848 2705 cons.
869 2664 1030 2704 creauit
1049 2677 1132 2704 om.
1147 2664 1207 2716 A,
1230 2663 1469 2713 interpolata
1488 2664 1634 2703 habuit
1648 2664 1782 2715 Orelli,
1799 2664 1882 2715 ipSe

203 2722 432 2774 praeferens
450 2721 491 2761 ei
510 2721 622 2760 bello
642 2719 853 2771 praefecit
1039 2731 1088 2769 13
1117 2718 1351 2758 mortemP
1367 2731 1378 2757 z
1406 2724 1542 2758 morte
1561 2718 1643 2758 ΒΑ
1749 2721 1759 2740 ‘
1773 2719 1878 2758 alias

212 2777 418 2816 Perseum
432 2774 442 2791 ’
463 2776 698 2815 Rhenanus
716 2788 726 2813 ε
756 2774 920 2814 Persen
941 2772 1054 2823 infra
1075 2774 1101 2814 i.
1128 2786 1193 2813 11:
1214 2786 1232 2811 1
1409 2785 1457 2822 17
1487 2773 1676 2823 perfugit
1704 2772 1880 2812 Crusius

213 2845 404 2898 (Probab.
439 2845 523 2885 crit.
550 2850 595 2895 p.
632 2843 726 2894 116)
744 2856 754 2882 ε
797 2842 986 2894 profugit
1016 2842 1106 2882 ΑΡ
1243 2855 1250 2862 ‘
1320 2841 1370 2880 18
1398 2842 1476 2882 CN
1507 2841 1550 2880 A
1690 2841 1798 2881 P.R.
1832 2842 1875 2879 A

211 2913 265 2939 22
295 2900 448 2939 Octaui
461 2905 526 2950 pr.
549 2899 606 2948 A,
630 2897 772 2937 deinde
788 2898 807 2936 i
820 2897 963 2937 addita
983 2896 1153 2937 Octauii
1257 2896 1424 2936 naualis
1452 2896 1558 2937 P.R.
1572 2896 1692 2948 prius
1709 2896 1768 2947 A,
1786 2900 1882 2947 post

212 2959 427 2992 correctum
446 2954 489 2992 in
510 2953 615 2993 P.R.
638 2952 801 2991 naualis
942 2950 1077 2990 Anitii
1096 2952 1139 2991 A
1163 2955 1200 2990 et
1223 2951 1281 2991 sic
1295 2950 1432 3000 infra:
1462 2950 1605 2990 Anicii
1623 2949 1667 2989 P
1826 2962 1878 2999 23

213 3009 382 3059 agentis
405 3007 603 3056 Gelenius,
628 3006 744 3058 quod
751 3006 933 3060 plerique
950 3009 1178 3058 receperunt

1040 3126 1063 3165 8
