2014 3392
815 245 1032 293 LIBER
1068 244 1123 292 11

199 386 428 449 Longum
463 393 539 434 est
573 399 780 444 narrare,
818 382 940 447 quid
975 391 1025 432 et
1064 381 1295 446 quotiens
1330 398 1479 432 ausus
1514 382 1591 443 sit,
1617 390 1806 447 quanto
1826 390 1894 440 42

131 483 281 531 opere
315 476 495 516 conata
525 465 631 516 eius
662 465 750 529 qui
786 464 1046 514 obtinebat
1083 463 1254 532 Asiam
1284 463 1601 527 magistratus
1633 463 1806 527 populi

134 547 351 598 Romani
384 557 520 597 metu
552 563 644 596 suo
679 545 983 596 destituerit:
1025 544 1148 594 illud
1179 546 1413 594 referatur
1446 546 1806 594 documentum

16 619 36 699 {3
59 679 61 682 ,
131 629 255 679 tanti
279 645 396 678 mox
419 627 614 678 euasuri
637 627 743 677 uiri.
815 643 945 691 quae
969 643 1069 676 nox
1091 643 1203 676 eam
1227 626 1363 676 diem
1395 635 1566 676 secuta
1593 636 1680 686 est,
1708 643 1808 690 qua
1833 647 1852 675 2

27 733 36 746 ·
70 729 110 771 ·5
131 710 333 776 publioe.
378 709 637 759 ciuitatum
677 707 892 772 pecunia
936 709 1223 771 redemptus
1269 716 1358 768 est,
1407 707 1476 756 ita
1521 716 1704 767 tamen,
1752 716 1808 756 ut

28 845 58 860 ..
132 801 330 857 cogeret
374 801 492 841 ante
538 790 741 841 obsides
785 807 817 839 a
855 789 1024 854 piratis
1070 788 1354 839 ciuitatibus
1392 788 1511 849 dari,
1555 798 1809 839 contracta

28 861 31 869 ¹
131 875 289 924 classe
312 882 362 922 et
398 872 619 936 priuatus
650 881 700 921 et
731 870 1050 920 tumultuaria
1079 869 1307 920 inuectus
1331 869 1383 919 in
1407 887 1522 920 eum
1547 871 1729 930 locum,
1756 869 1808 918 in

132 971 236 1020 quo
281 953 375 1018 ipsi
415 954 693 1017 praedones
733 961 886 1012 erant,
925 961 1117 1016 partem
1162 951 1332 1001 classis
1372 950 1574 1015 fugauit,
1617 960 1807 1015 partem

134 1036 316 1096 mersit,
358 1035 549 1099 aliquot
583 1034 727 1084 nauis
764 1035 1049 1098 multosque
1086 1033 1305 1083 mortalis
1343 1032 1506 1097 cepit3
1551 1034 1809 1096 laetusque
1831 1059 1854 1097 3

59 1143 114 1172 0
134 1127 407 1169 nocturnae
452 1115 781 1180 expeditionis
827 1115 1081 1179 triumpho
1136 1116 1204 1165 ad
1261 1131 1378 1165 suos
1435 1131 1660 1165 reuersus
1718 1123 1807 1174 est,

134 1198 482 1262 mandatisque
519 1197 777 1248 custodiae
809 1214 936 1263 quos
968 1206 1180 1262 ceperat,
1206 1196 1258 1246 in
1292 1196 1576 1260 Bithyniam
1600 1195 1810 1260 perrexit
1858 1225 1860 1228 -

132 1281 200 1331 ad
222 1281 572 1345 proconsulem
599 1281 814 1329 Iuncum
840 1278 997 1346 (idem
1021 1278 1155 1329 enim
1180 1278 1353 1328 Asiam
1385 1295 1597 1343 eamque
1621 1277 1812 1328 obtine-

134 1361 241 1427 bat)
276 1371 466 1426 petenS,
500 1370 555 1410 ut
585 1371 759 1411 auctor
788 1361 927 1410 fieret
957 1359 1189 1410 sumendi
1221 1362 1286 1410 de
1322 1359 1532 1424 captiuis
1569 1359 1810 1424 supplici:

134 1443 274 1508 quod
297 1459 413 1492 cum
437 1442 520 1492 ille
543 1459 597 1492 se
621 1443 866 1492 facturum
890 1451 1117 1506 negasset
1140 1441 1561 1506 uenditurumque
1585 1441 1811 1505 captiuos

87 1546 112 1589 ⁵
134 1523 338 1575 dixisset
385 1523 593 1589 (quippe
639 1524 940 1587 sequebatur
984 1522 1175 1573 inuidia
1220 1522 1484 1588 inertiam),
1533 1521 1812 1572 incredibili

135 1605 385 1656 celeritate
421 1613 649 1654 reuectus
685 1606 752 1654 ad
790 1621 939 1665 mare,
965 1603 1255 1669 priusquam
1279 1605 1359 1670 'de
1396 1621 1456 1654 ea
1492 1621 1544 1654 re
1581 1603 1669 1653 ulli
1704 1620 1813 1668 pro-

135 1686 355 1739 consulis
391 1687 716 1737 redderentur
745 1686 1000 1751 epistulae,
1026 1685 1204 1747 omnis,
1231 1702 1358 1750 quos
1394 1694 1605 1750 ceperat,
1632 1685 1812 1736 suffixit

136 1768 284 1820 cruci.

207 1851 353 1901 Idem
399 1865 517 1899 mox
560 1850 627 1899 ad
673 1849 1006 1900 sacerdotium
1052 1849 1329 1899 ineundum
1378 1848 1586 1915 (quippe
1630 1849 1812 1899 absens
1834 1868 1902 1917 43

35 1954 38 1964 ·
97 1968 105 1978 .
137 1931 361 1997 pontifex
382 1932 542 1981 factus
573 1940 677 1980 erat
708 1930 761 1980 in
794 1932 975 1982 Cottae
1006 1930 1278 1981 consularis
1316 1932 1501 1992 locum]
1524 1948 1629 1980 cum
1652 1948 1813 1996 paene

138 2030 262 2079 puer
282 2029 315 2063 a
339 2011 503 2062 Mario
527 2011 792 2077 Cinnaque
815 2014 998 2063 flamen
1022 2012 1166 2063 dialis
1189 2022 1382 2063 creatus
1406 2012 1614 2063 uictoria
1631 2015 1810 2074 Sullae,
1864 1940 1907 2108 ί

138 2094 226 2161 qui
242 2094 414 2146 omnia
429 2094 496 2144 ab
519 2093 579 2144 iis
601 2104 714 2144 acta
731 2096 913 2145 fecerat
936 2094 1095 2156 inrita,
1116 2094 1361 2145 amisisset
1384 2094 1438 2145 id
1456 2094 1811 2160 sacerdotium)

196 2237 216 2266 1
245 2216 319 2278 qui
352 2256 365 2268 .
398 2256 410 2267 .
442 2256 454 2267 .
488 2238 619 2266 ausus
646 2226 702 2265 sit
730 2230 851 2266 tanto
887 2238 1020 2278 opere
1050 2232 1206 2267 conata
1234 2256 1245 2267 .
1271 2257 1282 2268 .
1311 2256 1322 2268 .
1353 2195 1588 2267 destituere
1623 2226 1814 2269 W‘lhelm

138 2293 167 2334 3
193 2288 310 2323 metu
343 2280 552 2322 Gelenius.
595 2286 712 2320 motu
745 2279 838 2320 ΑΡ
1051 2281 1288 2321 destituere
1320 2280 1418 2330 ΑΡ,
1453 2294 1549 2322 corr.
1583 2281 1816 2321 Rhenanus

138 2350 166 2388 4
192 2341 347 2388 sequta
377 2334 422 2375 A
551 2347 681 2386 quam
698 2334 742 2374 A
963 2347 990 2387 5
1018 2336 1251 2377 ciuitatium
1269 2335 1314 2375 P
1436 2342 1504 2376 est
1520 2335 1604 2375 BA
1626 2351 1636 2376 ι
1669 2349 1753 2376 om.
1775 2334 1821 2375 P

140 2403 166 2443 7
194 2397 240 2433 et
273 2391 467 2443 priuatus
497 2396 541 2431 et
571 2396 708 2431 contr.
738 2389 791 2431 cl.
821 2391 1092 2431 tumultuaria
1133 2390 1323 2432 Scriner:
1361 2396 1406 2431 et
1439 2392 1631 2442 priuatus
1665 2396 1710 2431 et
1740 2389 1812 2431 del.

139 2445 191 2487 F.
211 2445 334 2486 Rsshl
345 2460 357 2487 ε
386 2445 584 2497 priuatim
602 2451 647 2485 et
663 2445 934 2486 tumultuarie
956 2445 1130 2486 Cludius
1148 2446 1262 2498 quod
1272 2446 1346 2486 mir
1363 2446 1631 2485 neoessan'um
1740 2445 1814 2485 ubi

140 2499 233 2554 dd„
253 2500 347 2541 dein
363 2506 568 2553 suprascr.
598 2500 643 2540 in
670 2513 758 2552 quo
785 2499 830 2539 A
1008 2513 1037 2552 9
1064 2502 1266 2542 mortales
1294 2499 1387 2539 ΑΡ
1550 2512 1597 2541 11
1620 2501 1815 2541 custodia

1544 2565 1626 2589 Cum

139 2595 517 2746 ΞυῗεΑορωε
430 2596 546 2648 Byth
466 2596 608 2648 ythin.
626 2595 672 2636 A
844 2608 892 2636 12
929 2596 1096 2638 lunium
1117 2610 1214 2638 cum
1228 2595 1327 2649 ΑΡ,
1346 2597 1386 2638 Ιι.
1406 2610 1439 2638 e.
1463 2597 1631 2637 Iunium
1718 2595 1817 2637 Vide

411 2658 616 2704 pust-..pp
636 2652 719 2703 326
743 2655 782 2691 et
804 2652 887 2703 448
996 2652 1110 2693 idem
1138 2653 1251 2694 enim
1278 2651 1427 2693 Asiam
1451 2665 1545 2693 eam
1568 2665 1698 2703 quam
1726 2652 1814 2694 obt.

293 2706 348 2747 id.
374 2720 444 2747 en.
465 2705 613 2746 Asiam
643 2706 862 2747 obtinebat
890 2705 1129 2759 M'pperdeu‘:
1175 2707 1320 2760 scripsi
1342 2719 1438 2747 cum
1466 2707 1609 2760 Lipsio
1635 2719 1814 2758 eamque

139 2705 526 2812 11.e.⁵Bithym·am:
559 2766 771 2812 tamquam
801 2761 886 2803 obt.
911 2761 962 2804 G.
982 2761 1041 2804 A.
1070 2762 1183 2803 Koch
1423 2775 1472 2813 13
1500 2761 1700 2814 supplicii
1729 2761 1821 2801 ΑΡ

146 2826 195 2867 14
223 2815 404 2868 neg-uit»
431 2822 634 2867 negasset
652 2816 695 2855 A
718 2816 758 2869 (s
761 2816 813 2869 ic)
928 2828 977 2868 ¹5
1006 2817 1208 2858 inuidiam
1229 2815 1383 2857 inertia
1401 2816 1547 2857 Haase
1558 2816 1821 2869 probabiliter

146 2897 194 2936 ¹7
223 2886 509 2928 redderentur
528 2885 586 2928 B:
623 2886 879 2928 redderetur
895 2885 987 2926 ΑΡ
1106 2879 1295 2939 eplaA:
1328 2886 1513 2938 epistula
1534 2886 1601 2927 Β.
1630 2885 1815 2938 epistola

141 2938 208 2981 1³2
256 2941 437 2993 ‘opinor
474 2941 708 2991 legendum
745 2939 980 2993 epistulae’
1018 2941 1157 2983 Bum-
1289 2954 1440 2983 omnes
1479 2940 1570 2982 ΑΡ

141 3007 236 3036 eum
255 2995 416 3036 addidit
433 2994 603 3048 Lipsnus
751 3009 805 3036 aa
833 2996 975 3037 omnia
1004 2996 1058 3037 ab
1091 2997 1144 3038 iis
1177 2996 1496 3052 beto-mopso
1527 3001 1624 3037 acta
1653 2994 1816 3038 fecerat

32 3085 34 3095 ,
141 3050 256 3091 irrita
282 3049 325 3089 A
350 3050 471 3102 μδ·
522 3063 631 3091 num
658 3051 801 3093 omnia
828 3064 939 3103 quae
957 3051 1085 3093 abiis
1103 3058 1199 3093 acta
1218 3057 1443 3104 acceperat
1464 3051 1492 3093 f.
1513 3051 1660 3094 irritat
1769 3051 1813 3092 id

82 3133 86 3140 .
144 3103 357 3146 alemus.
384 3104 439 3146 ad
460 3103 552 3145 ΑΡ

987 3186 1037 3230 6ι
