2014 3392
682 206 942 253 VELLEI
978 206 1379 256 PATERCVLI

199 343 481 408 proscriptis
505 343 725 407 aliisque,
752 343 838 406 qui
861 345 925 393 ad
950 360 1064 392 eum
1097 360 1157 392 ex
1188 343 1394 393 diuersis
1430 343 1589 392 causis
1626 345 1862 408 fugerant,

151 452 173 492 3
200 426 411 475 reditum
437 429 745 490 salutemque
770 435 942 489 pactus
962 435 1063 475 est:
1101 443 1227 489 quae
1252 443 1327 475 res
1353 435 1401 475 et
1423 426 1546 475 alios
1571 426 1864 476 clarissimos

198 507 329 557 uiros
371 518 420 569 et
467 511 720 558 Neronem
763 506 1030 557 Claudium
1071 517 1120 556 et
1162 510 1232 556 M.
1278 507 1499 556 Silanum
1541 507 1865 571 Sentiumque

198 591 516 640 Saturninum
553 601 602 641 et
636 591 925 641 Arruntium
959 609 1018 641 ac
1053 591 1241 640 Titium
1279 591 1487 641 restituit
1520 592 1589 641 rei
1621 592 1861 655 publicae.
2002 646 2003 663 ÷

198 671 407 720 Statium
445 682 611 721 autem
650 675 897 733 Murcum,
936 672 1021 736 qui
1058 675 1278 722 aduentu
1314 690 1404 722 suo
1441 672 1708 736 classisque
1744 675 1866 722 cele·
1888 692 1910 731 5
1979 666 2004 753 ἶ

198 753 436 803 berrimae
474 754 602 803 uires
640 754 745 804 eius
778 754 1128 818 duplicauerat,
1166 754 1503 803 insimulatum
1541 754 1673 803 falsis
1710 754 1867 804 crimi-

197 834 495 896 nationibus,
545 835 662 898 quia
707 838 855 885 talem
914 836 1074 885 uirum
1133 838 1372 899 collegam
1420 836 1567 885 officii
1617 839 1772 885 Mena
1817 847 1866 886 et

199 918 509 967 Menecrates
534 918 850 979 fastidierant,
879 918 1147 982 Pompeius
1171 919 1221 967 in
1247 918 1412 968 Sicilia
1435 919 1754 968 interfecerat.

107 1000 172 1059 78
266 1002 384 1048 Hoc
448 1009 604 1049 tractu
660 1010 939 1064 temporum
1004 999 1280 1060 Octauiam,
1342 1017 1559 1049 sororem
1624 999 1862 1059 Caesaris,

198 1083 269 1129 M.
319 1080 569 1130 Antonius
616 1080 755 1130 duxit
800 1098 1016 1130 uxorem.
1091 1080 1344 1131 †redierat
1390 1080 1657 1143 Pompeius
1698 1080 1749 1128 in
1797 1080 1866 1130 Si-
1891 1100 1941 1128 10
1970 1069 1994 1151 ζ

196 1161 373 1221 ciliam,
417 1161 666 1211 Antonius
705 1161 755 1210 in
798 1161 1144 1210 transmarinas
1182 1160 1475 1225 prouincias,
1516 1178 1638 1224 quas
1674 1161 1864 1224 magnis

196 1243 461 1292 momentis
482 1243 745 1303 Labienus,
764 1260 823 1292 ex
843 1242 1088 1292 Brutianis
1108 1242 1276 1292 castris
1294 1244 1542 1306 profectus
1560 1245 1624 1292 ad
1641 1245 1862 1303 Parthos,

195 1326 435 1386 perducto
483 1341 654 1374 eorum
702 1324 915 1374 exercitu
963 1324 1013 1372 in
1066 1323 1254 1388 Syriam
1300 1323 1657 1387 interfectoque
1704 1326 1865 1387 legato
1979 1326 1995 1331 ’”

196 1404 387 1453 Antoni
412 1415 756 1454 concusserat:
794 1405 880 1468 qui
905 1405 1085 1454 uirtute
1118 1414 1168 1454 et
1201 1407 1354 1454 ductu
1379 1404 1580 1454 Ventidi
1615 1422 1715 1454 una
1750 1421 1864 1454 cum
1974 1387 1998 1479 i

195 1488 499 1548 Parthorum·
535 1485 690 1550 copiis
738 1485 1158 1549 celeberrimoque
1204 1485 1441 1534 iuuenum
1489 1488 1692 1546 Pacoro,
1741 1485 1866 1549 regis
1892 1508 1939 1549 15
1972 1480 1998 1537 ³1

149 1588 168 1615 2
196 1568 310 1628 filio,
338 1567 605 1617 exstinctus
642 1578 727 1617 est.
801 1574 830 1620 †
847 1567 1041 1617 interim
1068 1570 1249 1618 Caesar
1281 1584 1367 1631 per
1390 1569 1514 1616 haec
1539 1576 1774 1630 tempora,
1801 1584 1865 1616 ne
1990 1563 1997 1579 ⁷

195 1667 270 1699 res
317 1648 608 1712 disciplinae
655 1648 1006 1708 inimicissima,
1057 1648 1227 1708 otium,
1269 1657 1603 1711 corrumperet
1640 1647 1861 1708 militem,

194 1730 374 1780 crebris
422 1730 473 1778 in
522 1729 718 1793 Illyrico
768 1730 1116 1793 Delmatiaque
1174 1729 1571 1792 expeditionibus
1629 1729 1865 1793 patientia

148 1833 171 1871 3
194 1812 523 1876 periculorum
548 1811 764 1875 bellique
789 1811 1088 1875 experientia
1112 1812 1320 1861 durabat
1344 1811 1624 1860 exercitum.
1687 1813 1862 1860 eadem

194 1903 485 1958 tempestate
518 1893 756 1944 Caluinus
791 1893 1056 1954 Domitius,
1084 1911 1198 1942 cum
1231 1910 1291 1942 ex
1319 1895 1583 1942 consulatu
1621 1893 1865 1942 obtineret
1891 1916 1940 1944 20

197 1975 508 2040 Hispaniam,
569 1974 843 2038 grauissimi
901 1974 1322 2039 comparandique
1379 1974 1594 2038 antiquis
1653 1975 1864 2039 exempli

193 2067 365 2106 auctor
388 2056 507 2105 fuit:
545 2056 729 2120 quippe
753 2057 897 2120 primi
922 2057 1007 2120 pili
1027 2056 1365 2106 centurionem
1386 2056 1589 2106 nomine
1607 2056 1863 2106 Vibillium

195 2139 262 2188 ob
286 2148 479 2201 turpem
505 2154 564 2186 ex
587 2137 693 2186 acie
717 2139 882 2201 fugam
908 2137 1024 2186 fusti
1048 2137 1299 2202 percussit.

1975 1198 1992 1220 ,ἱ

1974 1220 1997 1255 4¹ss

1977 1614 1997 1665 '1

250 2282 274 2318 3
306 2269 495 2307 Silanum
524 2267 638 2308 BA:
679 2267 901 2318 Syllanum
929 2267 973 2306 P
1097 2268 1376 2318 Sentiumque
1404 2268 1470 2308 P:
1512 2269 1707 2309 Sentium
1727 2282 1765 2319 q.
1788 2268 1830 2306 A
1855 2284 1866 2309 t

198 2324 391 2363 Sentium
414 2323 464 2372 Q.
485 2322 527 2360 B
690 2336 715 2372 4
743 2322 997 2361 Arruntium
1016 2323 1165 2362 Orelli:
1194 2323 1441 2362 Atruntium
1461 2324 1603 2376 (-cium
1619 2323 1721 2374 BA)
1737 2323 1870 2362 BAP

196 2391 219 2427 5
253 2379 415 2417 Staium
434 2376 547 2416 AP:
578 2376 761 2416 Statium
788 2378 961 2416 Vrsinus
1043 2377 1371 2417 celeberrimeA
1540 2379 1565 2416 8
1597 2379 1864 2417 Menecrates

199 2433 411 2472 Gelenius:
457 2431 726 2470 Menocrates
747 2431 822 2471 A:
864 2432 1089 2471 Menocres
1108 2431 1169 2473 P:
1217 2432 1490 2471 Menotrades
1509 2432 1577 2472 B:
1622 2433 1864 2472 Mencrates

198 2501 335 2582 'Ensis
351 2487 462 2580 ἷὲοψ
480 2556 490 2580 2
514 2487 778 2580 ᾞοῖῑῗὲὲὲἶῗζ
792 2486 999 2580 {Zmin
1071 2499 1120 2525 ¹²
1133 2487 1436 2592 11ξῖξῖἳὲἷίἓέ
1436 2487 1485 2580 Ξ
1485 2487 1628 2580 ’rm
1644 2487 1866 2582 {tim

204 2597 296 2635 Vict.
320 2596 367 2634 de
386 2596 460 2634 uir.
481 2596 537 2635 ill.
556 2608 588 2633 11
606 2610 616 2635 ι
645 2597 854 2646 producto
866 2595 956 2634 ΑΡ
1066 2609 1115 2645 14
1135 2596 1314 2635 Antonii
1328 2596 1419 2634 ΑΡ
1468 2595 1572 2635 Post
1590 2602 1864 2635 concusserat

196 2664 362 2689 erasum
383 2655 441 2689 est
459 2651 502 2688 in
522 2650 564 2687 A
589 2655 632 2688 et
660 2652 786 2689 ductu
807 2663 892 2688 uen
986 2650 1115 2689 Venti
1151 2651 1294 2690 diuina
1325 2664 1421 2690 cum
1440 2650 1482 2688 A
1594 2652 1643 2688 16
1671 2656 1757 2689 ext.
1778 2650 1869 2689 ΑΡ

197 2705 633 2755 per—-haee-tempom
661 2705 829 2744 interim
858 2705 1019 2744 Caesar
1046 2718 1124 2755 per
1151 2706 1230 2744 hec
1260 2712 1451 2755 tempora
1470 2704 1514 2744 A
1543 2705 1655 2755 (sic):
1697 2705 1862 2743 interim

198 2773 276 2810 per
313 2759 407 2798 haec
446 2765 476 2799 t.
516 2759 559 2797 P
654 2758 822 2798 Videtur
851 2760 1022 2798 interim
1061 2761 1204 2810 primo
1245 2760 1434 2798 additum
1475 2764 1694 2810 tamquam
1722 2760 1864 2810 glossa

197 2827 302 2864 quae
320 2814 529 2864 explicaret
556 2827 635 2864 per
656 2815 763 2853 haec
783 2819 977 2864 tempora
989 2819 1131 2864 postea
1150 2815 1193 2853 in
1220 2819 1375 2853 textum
1403 2814 1623 2864 inrepsisse,
1647 2813 1705 2851 ita
1726 2819 1862 2853 tamen

199 2873 246 2907 ut
264 2869 306 2906 in
329 2868 586 2906 Murbacensi
608 2869 705 2907 ordo
732 2870 949 2908 uerborum
975 2870 1149 2907 incertus
1160 2869 1278 2919 fieret
1441 2881 1493 2907 22
1521 2868 1602 2906 cuit
1621 2874 1768 2907 auctor
1786 2868 1864 2907 suit

197 2923 239 2960 A
266 2923 353 2973 (sic)
438 2923 638 2972 primipili
657 2923 749 2961 ΑΡ
824 2923 1040 2962 Vibillium
1060 2923 1143 2960 BA
1165 2938 1174 2963 :
1210 2923 1418 2962 lubillium
1437 2922 1481 2961 P
1569 2935 1620 2971 23
1641 2927 1864 2972 opturpem

198 2977 239 3013 A
355 2977 453 3015 fusti
475 2977 564 3014 AB
582 2982 619 3015 et
636 2977 692 3017 ed.
707 2984 771 3028 pr.
797 2977 870 3025 (P)
892 2979 1048 3028 aliquot
1071 2978 1340 3029 exemplaria:
1371 2978 1483 3016 fuste
1510 2977 1566 3017 ed.
1591 2983 1658 3027 pr.
1672 2978 1867 3027 pleraque

199 3032 458 3081 exemplaria,
480 3032 519 3069 si
534 3032 697 3081 quidem
718 3037 753 3070 et
770 3033 813 3070 in
834 3032 1170 3082 Haueffieldiano
1190 3046 1269 3083 quo
1290 3046 1391 3070 usus
1414 3045 1511 3069 sum
1533 3036 1570 3069 et
1587 3031 1811 3070 Bodleiano
1830 3035 1866 3069 et

200 3085 358 3124 duobus
383 3086 661 3125 Turicensibus
678 3091 714 3124 et
732 3087 952 3125 Meieriano
970 3091 1006 3124 et
1023 3086 1279 3126 Berolinensi
1293 3087 1350 3124 sic
1364 3087 1557 3137 scriptum
1577 3090 1634 3124 est

1005 3164 1055 3204 92

1982 3020 2003 3163 4

1984 3165 2004 3231 4
