2014 3392
710 181 968 229 VELLEI
1007 181 1407 231 PATERCVLI

225 318 552 383 frequentiam
599 318 650 368 in
697 320 871 368 urbem
912 318 1168 368 accinerat.
1258 335 1286 368 e
1327 335 1426 382 qua
1465 320 1635 382 pulsus
1677 319 1893 382 collegae

226 400 639 464 optimatiumque
686 400 872 449 uiribus
919 417 1034 448 cum
1081 399 1132 448 in
1174 399 1501 463 Campaniam
1548 401 1785 459 tenderet,
1835 416 1894 448 ex

225 481 515 530 auctoritate
549 490 747 530 senatus
781 482 1066 530 consulatus
1091 480 1137 529 ei
1165 481 1428 544 abrogatus
1457 489 1531 529 est
1560 482 1893 543 suffectusque

226 561 278 610 in
325 561 430 611 eius
471 564 637 611 locum
681 564 734 610 L.
782 561 1042 612 Cornelius
1085 563 1280 610 Merula
1319 563 1500 609 flamen
1542 560 1697 609 dialis.
1770 561 1894 608 haec
2005 610 2007 622 ¹

177 664 204 702 4
226 642 402 691 iniuria
448 642 651 692 homine
699 659 850 706 quam
897 643 1125 705 exemplo
1167 641 1360 705 dignior
1406 642 1509 690 fuit.
1583 651 1688 690 tum
1732 641 1895 691 Cinna
1920 654 1939 692 .'
2005 627 2007 670 ἶ

226 724 466 787 corruptis
504 723 664 787 primo
703 723 1073 772 centurionibus
1111 740 1170 771 ac
1205 722 1428 783 tribunis,
1466 739 1583 772 mox
1620 722 1768 771 etiam
1807 739 1894 785 spe

226 805 494 868 largitionis
531 804 782 864 militibus,
817 805 881 853 ab
917 821 978 854 eo
1015 804 1242 864 exercitu,
1271 804 1356 867 qui
1392 804 1521 853 circa
1557 806 1740 853 Nolam
1776 813 1891 863 erat,

226 895 452 948 receptus
500 895 586 934 est.
659 885 700 934 is
752 902 867 934 cum
914 884 1172 934 uniuersus
1225 884 1275 933 in
1323 885 1476 934 uerba
1522 884 1626 934 eius
1673 884 1891 944 iurasset,

226 966 442 1015 retinens
489 965 699 1029 insignia
739 967 1024 1014 consulatus
1064 965 1249 1028 patriae
1290 965 1476 1014 bellum
1523 965 1700 1025 intulit,
1744 968 1894 1015 fretus

227 1046 415 1110 ingenti
461 1063 669 1095 numero
716 1063 962 1095 nouorum
1004 1045 1203 1106 ciuium,
1244 1062 1272 1095 e
1310 1063 1522 1110 quorum
1563 1048 1759 1096 delectu
1801 1062 1895 1096 ccc

227 1127 438 1190 amplius
477 1129 706 1176 cohortes
744 1127 1100 1190 conscripserat
1135 1144 1194 1176 ac
1229 1127 1425 1191 triginta
1458 1127 1710 1191 legionum
1746 1128 1897 1178 instar

181 1233 203 1271 5
227 1208 530 1271 impleuerat.
605 1225 730 1271 opus
756 1217 857 1257 erat
885 1207 1105 1271 partibus
1137 1208 1440 1268 auctoritate,
1468 1208 1607 1258 cuius
1639 1212 1896 1273 augendae

228 1279 381 1354 gratia
406 1292 462 1341 C.
493 1289 708 1338 Marium
742 1307 858 1339 cum
882 1289 985 1339 filio
1014 1291 1078 1339 de
1106 1289 1252 1339 exilio
1284 1289 1538 1339 reuocauit
1566 1290 1751 1354 quique
1780 1308 1895 1340 cum

215 1371 287 1420 *iis
311 1370 441 1434 pulsi
466 1380 616 1420 erant.

150 1476 206 1511 21
299 1456 436 1501 Dum
472 1453 659 1501 bellum
691 1461 858 1502 autem
890 1452 1035 1502 infert
1067 1452 1252 1516 patriae
1285 1452 1462 1513 Cinna,
1490 1454 1582 1503 Cn.
1611 1453 1893 1517 Pompeius,

232 1533 406 1598 Magni
429 1543 580 1596 pater,
608 1533 747 1582 cuius
771 1535 1021 1597 praeclara
1044 1551 1194 1597 opera
1218 1534 1350 1583 bello
1385 1534 1602 1583 Marsico
1634 1535 1897 1599 praecipue

230 1614 360 1663 circa
379 1614 619 1663 Picenum
638 1631 823 1678 agrum,
844 1624 899 1663 ut
922 1614 1338 1678 praescripsimus,
1360 1632 1450 1664 usa
1467 1625 1569 1664 erat
1587 1633 1663 1664 res
1681 1615 1895 1679 publica,

230 1696 416 1760 quique
441 1698 682 1745 Asculum
711 1705 921 1759 ceperat,
948 1696 1077 1745 circa
1108 1713 1259 1760 quam
1291 1697 1480 1756 urbem,
1507 1714 1622 1745 cum
1651 1697 1702 1745 in
1732 1697 1898 1747 multis

229 1778 336 1827 aliis
361 1776 644 1840 regionibus
669 1777 908 1826 exercitus
933 1777 1140 1840 dispersi
1169 1779 1342 1837 forent,
1372 1792 1513 1825 Lxxv
1546 1779 1682 1826 milia
1712 1778 1897 1827 ciuium

184 1883 202 1911 2
232 1861 591 1918 Romanorum,
628 1857 840 1921 amplius
883 1873 951 1906 Lx
989 1857 1274 1907 Italicorum
1311 1874 1412 1906 una
1446 1857 1528 1907 die
1563 1858 1896 1919 conflixerant,

230 1943 485 1990 frustratus
511 1956 598 2003 spe
622 1939 947 1989 continuandi
966 1941 1250 1989 consulatus
1274 1939 1342 1988 ita
1361 1956 1413 1988 se
1432 1939 1640 1988 dubium
1660 1940 1900 1990 medium-

231 2040 329 2086 que
353 2021 573 2085 partibus
598 2021 851 2084 praestitit,
878 2031 932 2070 ut
956 2021 1125 2071 omnia
1149 2038 1208 2070 ex
1230 2020 1430 2084 proprio
1462 2038 1554 2070 usu
1586 2031 1750 2085 ageret
1781 2031 1901 2071 tem-

231 2104 536 2168 poribusque
565 2102 785 2152 insidiari
809 2103 1071 2163 uideretur,
1099 2112 1148 2152 et
1174 2104 1275 2151 huc
1298 2112 1448 2166 atque
1471 2102 1601 2163 illuc,
1628 2105 1763 2152 unde
1788 2120 1899 2167 spes

232 2185 388 2234 maior
424 2183 704 2233 adfulsisset
740 2184 1005 2247 potentiae,
1046 2201 1154 2233 sese
1195 2183 1561 2247 exercitumque
1602 2186 1896 2234 deflecteret.

187 2297 210 2335 3
233 2268 322 2316 sed
357 2267 423 2315 ad
458 2265 687 2314 ultimum
721 2282 902 2329 magno
933 2265 1186 2329 atrocique
1218 2264 1406 2328 proelio
1443 2281 1558 2313 cum
1588 2265 1752 2315 Cinna
1787 2282 1901 2316 con·
1951 2306 1961 2317 .
2009 2307 2011 2317 ,

288 2441 314 2480 5
343 2398 542 2468 hominesn
558 2441 728 2479 mquam
757 2428 801 2466 A
835 2430 923 2483 (sic)
1089 2430 1116 2468 6
1143 2429 1279 2480 primo
1307 2428 1376 2469 P:
1412 2416 1506 2480 Ῑῖἰ-ει
1534 2428 1605 2470 A:
1628 2430 1731 2480 fort.
1764 2431 1902 2481 pretio

236 2554 258 2591 7
287 2540 489 2591 largionis
508 2539 551 2578 A
669 2552 720 2580 10
746 2533 833 2579 cc—c.
853 2538 898 2577 P
1019 2551 1064 2578 11
1095 2509 1375 2590 ssgtripserat
1393 2538 1436 2577 A
1460 2537 1548 2591 (εἰσ)
1680 2553 1728 2579 12
1757 2547 1901 2580 aucto-

235 2595 361 2634 ritate
402 2595 537 2645 gratia
575 2595 694 2634 cuius
733 2595 958 2644 augendae
987 2592 1205 2647 (augenda
1234 2594 1299 2646 A)
1336 2595 1383 2634 C.
1415 2592 1595 2633 Marium
1625 2595 1739 2635 AP:
1782 2597 1901 2635 cuius

183 2654 187 2657 '
236 2651 459 2699 augendae
490 2650 630 2699 gratia
663 2649 843 2700 Madmg
876 2653 914 2687 et
943 2648 990 2688 G.
1017 2649 1076 2690 A.
1109 2650 1252 2689 Koch:
1297 2649 1416 2688 cuius
1459 2651 1682 2699 augendae
1722 2652 1902 2689 causales

230 2704 647 2755 genitiuossaciebant
664 2704 871 2743 Ruhnken
897 2707 935 2742 et
961 2704 1084 2743 Kritz
1249 2716 1296 2753 17
1326 2704 1645 2754 prestripsimus
1670 2704 1713 2742 A
1735 2719 1745 2745 ε
1778 2719 1901 2755 prae-

236 2759 419 2797 diximus
444 2758 680 2797 Ruhnken:
708 2771 836 2808 supra
864 2758 1111 2808 scripsimus
1131 2758 1284 2798 Friebel
1388 2764 1560 2809 trees—p.
1579 2771 1661 2799 res.
1683 2772 1724 2810 p.
1744 2759 1787 2797 A
1812 2761 1901 2811 (sic)

240 2838 289 2877 19
317 2839 434 2864 Lxxv
455 2826 619 2878 smpsi:
660 2827 846 2876 quinque
866 2831 910 2865 et
928 2839 1027 2867 Lxx,
1048 2826 1091 2864 A
1112 2841 1122 2867 ε
1161 2827 1348 2889 (μὴ-Ψ
1368 2831 1411 2865 et
1430 2820 1528 2866 Ξᾶ,
1555 2826 1600 2865 Ρ
1786 2829 1903 2868 milia

237 2908 320 2935 om.
341 2894 431 2932 ΑΡ
591 2908 644 2934 2ο
674 2907 741 2935 LX.
765 2894 807 2933 A
829 2910 840 2935 ε
866 2893 936 2935 ii.
955 2894 999 2932 P
1149 2907 1198 2933 21
1231 2896 1356 2934 COS.
1377 2895 1487 2933 sulta
1506 2908 1554 2934 se
1573 2894 1616 2933 A
1774 2909 1827 2935 22
1857 2903 1902 2936 ut

237 2962 318 2987 om.
340 2948 382 2986 A
404 2962 414 2987 :
434 2949 538 2998 sort.
561 2949 704 2988 omnia
733 2955 779 2988 ut
943 2962 995 2999 24
1024 2949 1228 2988 adfuisset
1246 2949 1345 3001 ΑΡ,
1376 2962 1455 2990 em.
1483 2949 1625 2989 Aldus
1752 2957 1901 3002 poten-

237 3003 322 3042 tiae
341 3015 437 3042 sese
456 3004 594 3042 Halm
612 3017 622 3043 :
650 3003 842 3054 potentia
861 3016 957 3043 esse
976 3003 1018 3042 A
1041 3019 1051 3044 :
1079 3004 1293 3055 potentiae
1314 3017 1361 3044 se
1380 3002 1423 3042 P

1046 3099 1099 3147 38
