2014 3444
687 206 1234 258 PROLEGOMENA

123 365 259 409 num,
285 358 341 398 ut
363 357 597 413 appareat
631 365 748 399 eum
772 347 824 398 in
860 347 1192 399 describendo
1216 345 1504 411 saepissime
1527 344 1797 396 haesitasse

120 437 362 502 quidnam
384 437 700 502 potissimum
724 437 923 502 eligeret
939 455 955 499 ς
989 436 1223 486 nimirum
1242 435 1470 486 codicem
1489 435 1797 485 exscribebat

118 527 249 576 adeo
284 543 388 576 non
410 527 617 590 planum
645 535 700 575 ut
731 527 868 575 nulla
897 525 956 575 in
992 524 1174 590 pagina
1203 541 1308 575 non
1337 525 1627 584 offensuruS,
1662 525 1799 573 nulla

0 618 3 632 '
28 622 33 625 ’
119 630 223 664 non
259 614 586 664 haesitatums
621 624 765 675 esset,
792 631 921 678 quae
956 613 1189 664 condicio
1213 622 1288 663 est
1311 629 1416 662 non
1440 611 1731 676 exemplaris
1767 628 1798 660 a

0 695 4 724 ἴ
45 735 52 739 -
117 702 280 753 scriba
302 703 419 752 facti
449 703 737 763 recentiore,
764 704 855 753 sed
886 701 1071 752 uetusti
1102 701 1306 762 codiciS,
1331 700 1384 750 in
1408 717 1510 765 quo
1546 701 1794 764 quaedam

117 792 322 841 madore
368 801 611 856 corrupta,
660 793 908 855 quaedam
954 808 1083 841 aeuo
1137 790 1364 851 euanida,
1414 790 1662 854 quaedam
1708 805 1797 852 per

116 878 362 930 inscitiam
386 880 629 930 sermonis
654 879 819 929 Latini
842 879 1038 929 turbata
1059 895 1119 928 ac
1143 880 1414 942 deprauata
1430 875 1793 927 descenderint.

115 968 253 1018 Talis
277 968 598 1018 Amerbachii
621 968 882 1018 haesitatio
910 977 1075 1032 potest
1099 984 1159 1017 ea
1190 966 1395 1031 quidem
1426 964 1796 1016 adulescentiae

117 1056 241 1124 (erat
274 1074 521 1107 annorum
556 1066 751 1107 tantum
779 1055 863 1123 21)
888 1055 1151 1121 imputari,
1190 1055 1353 1120 potuit
1388 1064 1557 1105 tamen
1593 1071 1653 1104 ex
1687 1053 1797 1118 ipsa

115 1145 372 1210 diligentia
404 1145 668 1210 prouenire
703 1162 804 1210 qua
843 1144 1073 1195 codicem
1115 1143 1443 1204 describebat,
1484 1159 1601 1193 cum
1638 1142 1795 1192 nollet

113 1235 180 1285 de
203 1234 369 1285 dubiis
404 1244 595 1284 certum
628 1251 682 1284 se
712 1233 945 1299 profiteri,
972 1241 1307 1297 statueretque
1342 1249 1446 1282 non
1482 1241 1584 1281 tam
1609 1247 1797 1281 correc-

113 1323 233 1374 toris
257 1323 396 1387 fungi
419 1322 585 1373 officio
609 1339 761 1387 quam
785 1322 1064 1387 interpretis
1089 1321 1176 1386 qui
1199 1338 1329 1386 quae
1352 1321 1404 1370 in
1437 1320 1613 1371 codice
1638 1329 1791 1380 erant,

112 1411 283 1463 omnia
306 1412 518 1462 fideliter
540 1421 590 1462 et
613 1411 920 1476 pensiculate
943 1418 1342 1475 repraesentaret.

181 1503 374 1566 Itaque,
423 1511 478 1551 ut
524 1518 811 1565 expromam
858 1502 997 1565 quod
1044 1499 1219 1561 sentio,
1269 1516 1373 1549 non
1424 1499 1575 1548 credo
1622 1500 1794 1548 Amer—

112 1589 415 1640 bachianum
455 1592 779 1655 apographon
821 1591 961 1655 quod
998 1606 1134 1639 nunc
1172 1597 1303 1639 extat
1343 1587 1397 1638 id
1438 1604 1547 1638 esse
1582 1588 1647 1637 de
1689 1603 1792 1651 quo

112 1680 389 1730 Rhenanus
424 1689 681 1744 tamquam
719 1683 732 1706 ‘
747 1688 1068 1744 properanter
1101 1687 1252 1743 atque
1287 1676 1548 1727 infeliciter
1563 1678 1574 1700 '
1606 1675 1791 1740 scripto

109 1767 328 1832 iniquius
352 1768 594 1818 iudicium
612 1768 789 1819 tulerit.
841 1767 980 1831 Quid
994 1770 1017 1817 Ρ
1051 1784 1155 1818 non
1171 1776 1220 1817 et
1238 1766 1321 1816 alii
1345 1774 1483 1816 erant
1502 1764 1684 1829 quibus
1709 1766 1792 1814 de-

109 1856 431 1908 scribendum
452 1857 839 1907 Murbacensem
860 1858 1136 1907 Rbenanus
1162 1857 1447 1920 delegaret?
1507 1853 1682 1903 Multis
1707 1852 1790 1904 ille

109 1945 352 2010 cognitus,
374 1945 541 1996 multis
560 1945 816 2010 discipulis
834 1945 1077 1995 utebatur.
1135 1946 1245 1995 Nec
1263 1943 1305 1994 si
1323 1942 1573 2007 conspirat
1592 1951 1790 2007 tempus

108 2050 212 2099 quo
237 2034 599 2084 Amerbachius
633 2035 957 2099 apographon
993 2032 1209 2083 confecit
1234 2032 1414 2100 (aestas
1446 2030 1539 2081 fuit
1561 2048 1604 2080 a.
1638 2029 1788 2095 1516)

107 2139 224 2174 cum
249 2123 415 2174 uerbis
452 2123 686 2174 Rhenani
709 2123 760 2173 in
798 2122 1109 2173 Praefatione
1131 2123 1198 2172 ad
1233 2121 1476 2172 Saxoniae
1511 2119 1787 2185 principem

110 2213 414 2264 Fridericum
446 2213 639 2279 scriptis
669 2223 808 2264 sexto
841 2215 964 2264 Idus
998 2212 1293 2264 Decembris
1316 2230 1358 2262 a.
1393 2226 1520 2277 1520
1543 2213 1787 2275 Equidem

106 2304 282 2354 abhinc
311 2321 467 2354 annos
501 2311 560 2353 ut
577 2311 704 2369 puto
730 2305 939 2368 quinque
961 2320 1066 2353 cum
1088 2304 1315 2368 primum
1344 2303 1474 2351 hunc
1501 2303 1554 2351 in
1578 2301 1789 2350 Murba-

106 2394 235 2443 oensi
250 2394 524 2443 bibliotheca
548 2395 835 2458 reperissem,
860 2400 911 2442 et
928 2394 1138 2442 uiderem
1168 2398 1270 2441 tam
1290 2392 1566 2456 prodigiose
1595 2399 1789 2455 corrup-

106 2487 210 2532 tum
234 2489 294 2531 ut
311 2483 474 2532 omnia
498 2483 747 2532 restituere
770 2499 864 2531 non
873 2482 1013 2545 foret
1030 2482 1243 2530 humani
1262 2481 1454 2545 ingenii,
1461 2486 1791 2544 properanter

105 2587 165 2621 ac
187 2571 441 2635 infilieiter
460 2573 522 2621 ab
552 2573 704 2621 amico
736 2573 943 2635 quodam
974 2572 1275 2635 descriptum,
1291 2571 1612 2634 premendum
1629 2571 1786 2633 plane

105 2661 341 2711 aensebam
363 2662 507 2710 donec
527 2662 737 2711 melioris
768 2661 901 2710 nobis
921 2661 1087 2710 codicis
1096 2661 1245 2724 fieret
1272 2660 1419 2722 copia,
1446 2674 1582 2722 quem
1615 2666 1786 2722 accepe-

105 2765 216 2799 ram
252 2750 425 2799 haberi
458 2750 740 2800 Mediolani
782 2750 1032 2799 inuentum
1078 2750 1193 2798 olim
1239 2765 1271 2797 a
1326 2748 1529 2811 Georgio
1562 2748 1781 2796 Aserula.

120 2837 292 2887 Verum
337 2840 454 2887 dum
485 2839 690 2902 frustra
737 2839 838 2887 iam
885 2838 1000 2887 treis
1039 2853 1195 2887 annos
1234 2842 1543 2900 expectamus,
1587 2836 1781 2885 interim

104 2927 399 2977 docttssimus
449 2929 646 2991 quisque
700 2944 875 2977 mecum
921 2928 1223 2991 expostulat3
1282 2926 1419 2991 (nam
1477 2924 1543 2974 ab
1597 2933 1784 2974 aestate

104 3030 148 3065 a.
176 3019 301 3081 1516
325 3026 423 3067 tres
458 3026 573 3067 sunt
608 3015 726 3066 anni
749 3017 815 3067 ad
846 3025 1084 3066 aestatem
1119 3032 1162 3066 a.
1197 3029 1338 3080 1519,
1366 3030 1531 3079 neque
1559 3012 1646 3064 diu
1671 3023 1785 3078 post

913 3117 971 3144 XV
