2014 3392
832 248 1048 296 LIBER
1084 248 1139 296 II

148 397 197 437 et
220 404 251 437 a
275 386 512 437 militibus
536 397 586 437 et
608 404 640 436 a
661 388 859 437 fortuna
882 387 1105 436 desertus
1130 388 1367 450 pulloque
1391 389 1583 437 uelatus
1606 387 1823 438 amiculo

148 469 275 519 inter
297 469 520 519 ultimam
541 468 900 519 confluentium
924 470 990 518 ad
1009 469 1274 519 Caesarem
1294 469 1489 518 turbam
1513 471 1671 519 latens
1689 471 1822 534 geni-

148 551 241 600 bus
265 551 371 601 eius
405 553 673 601 aduolutus
707 560 795 600 est.
867 549 971 599 uita
1005 566 1268 614 rerumque
1303 567 1501 599 suarum
1540 551 1820 601 dominium

28 687 32 698 ,
145 649 385 683 concessa
406 633 453 683 ei
478 643 607 693 sunt,
633 631 856 697 spoliata,
882 648 1033 696 quam
1058 631 1183 682 tueri
1206 649 1309 682 non
1334 641 1540 695 poterat,
1567 632 1793 696 dignitas.

96 733 120 772 5
212 714 386 763 Subita
421 714 605 764 deinde
642 713 882 763 exercitus
919 712 1112 774 seditio,
1151 712 1237 777 qui
1270 715 1565 777 plerumque
1601 724 1820 764 contem-
1841 716 1899 765 81

144 799 307 861 platus
344 797 671 862 frequentiam
719 814 860 847 suam
906 814 937 847 a
982 797 1245 861 disciplina
1290 797 1521 848 desciscit
1567 808 1630 859 et,
1680 802 1818 862 quod

144 896 320 943 cogere
344 897 398 930 se
421 890 562 944 putat
584 896 746 944 posse,
772 897 943 944 rogare
967 897 1070 930 non
1096 879 1317 940 sustinet,
1339 879 1516 944 partim
1542 880 1817 942 seueritate,

144 960 320 1024 partim
345 961 636 1011 liberalitate
659 961 883 1011 discussa
906 961 1155 1026 principiS,
1177 961 1560 1026 speciosumque
1578 962 1818 1026 peridem
1845 986 1865 1014 2

143 1053 340 1107 tempus
373 1042 624 1093 adiectum
663 1046 1065 1108 supplementum
1105 1045 1394 1108 Campanae
1431 1045 1658 1096 coloniae
1685 1065 1709 1092 *
1739 1065 1764 1093 ια
1793 1065 1818 1092 *

70 1146 122 1175 10
142 1126 249 1177 eius
289 1125 444 1176 relicti
482 1136 620 1175 erant
656 1125 877 1190 publici:
927 1143 1018 1190 pro
1055 1126 1132 1176 his
1164 1128 1312 1191 longe
1344 1127 1595 1178 uberiores
1633 1129 1820 1179 reditus

142 1206 451 1258 duodeciens
497 1206 704 1256 sestertii
751 1206 803 1256 in
842 1209 992 1259 Creta
1037 1207 1199 1257 insula
1244 1207 1424 1258 redditi
1460 1218 1510 1258 et
1546 1226 1677 1273 aqua
1710 1227 1821 1274 pro-

143 1289 306 1350 missa,
349 1306 477 1354 quae
515 1289 767 1353 hodieque
805 1289 1050 1353 singulare
1091 1299 1141 1339 et
1187 1289 1486 1340 salubritatis
1525 1296 1554 1341 †
1570 1290 1723 1340 instar
1769 1302 1819 1342 et

138 1371 453 1423 amoenitatis
500 1382 847 1422 ornamentum
896 1383 982 1422 est.
1069 1371 1262 1436 insigne
1310 1390 1524 1423 coronae
1565 1374 1820 1435 classicae,·
1841 1394 1864 1434 3

139 1471 242 1520 quo
283 1472 434 1505 nemo
471 1472 710 1519 umquam
754 1457 1096 1505 Romanorum
1137 1457 1352 1506 donatus
1394 1467 1510 1518 erat,
1550 1458 1648 1507 hoc
1685 1458 1818 1509 bello

90 1555 115 1596 5
140 1536 360 1602 Agrippa
405 1537 637 1601 singulari
683 1537 864 1587 uirtute
911 1536 1102 1587 meruit.
1189 1536 1349 1587 uictor
1388 1537 1586 1588 ‘deinde
1633 1539 1819 1590 Caesar

138 1635 363 1669 reuersus
387 1618 438 1667 in
463 1619 637 1668 urbem
663 1629 940 1669 contractas
964 1618 1302 1683 emptionibus
1327 1621 1607 1684 complures
1636 1622 1816 1671 domos

137 1716 226 1764 per
247 1710 602 1764 procuratores,
629 1716 731 1764 quo
762 1699 916 1750 laxior
946 1701 1085 1750 fieret
1115 1699 1284 1764 ipsius,
1310 1700 1522 1764 publicis
1559 1718 1611 1751 se
1643 1701 1815 1752 usibus
1838 1721 1864 1759 4

137 1781 384 1832 destinare
430 1783 679 1847 professus
734 1793 823 1843 est,
873 1784 1216 1847 templumque
1274 1783 1521 1847 Apollinis
1580 1793 1629 1833 et
1686 1784 1817 1835 circa

138 1862 356 1927 porticus
379 1865 624 1913 facturum
649 1863 888 1928 promisit,
915 1866 1054 1928 quod
1077 1864 1144 1914 ab
1167 1881 1230 1914 eo
1254 1863 1487 1929 singulari
1511 1874 1813 1916 exstructum

23 1925 27 1996 ss
60 1962 114 1994 ιο
137 1944 476 1996 munificentia
504 1956 591 1996 est.

204 2027 321 2090 Qua
355 2038 542 2078 aestate
581 2029 764 2079 Caesar
802 2038 903 2078 tam
937 2045 1170 2093 prospere
1194 2033 1223 2080 †
1242 2027 1441 2078 Libium
1467 2027 1518 2077 in
1544 2028 1710 2079 Sicilia
1734 2032 1812 2079 Bfi
1837 2029 1903 2078 82

137 2109 334 2158 fortuna
357 2108 407 2159 in
433 2110 646 2161 Caesare
670 2120 720 2160 et
746 2107 839 2178 [in]
865 2127 916 2160 re
941 2109 1142 2174 publica
1174 2109 1403 2159 militauit
1433 2112 1499 2160 ad
1538 2109 1809 2162 Orientem.

189 2255 216 2291 4
245 2241 352 2281 tueri
372 2240 435 2283 P:
465 2242 619 2282 intueri
641 2240 725 2281 BA
746 2256 756 2282 :
787 2241 828 2281 ui
849 2242 957 2282 tueri
977 2241 1214 2282 Doederlein
1380 2254 1407 2292 5
1437 2242 1594 2283 Secuta
1612 2242 1813 2284 Boxhorn

133 2296 162 2335 8
189 2296 479 2391 spaetli‘osumq.
508 2296 553 2336 A
749 2297 861 2336 idem
890 2297 964 2337 Ax
1011 2297 1053 2336 id
1081 2296 1126 2336 P
1314 2310 1342 2348 9
1371 2297 1586 2347 coloniae]
1617 2298 1812 2338 lacunam

127 2351 269 2402 pateus?
290 2350 411 2391 Kn'ts
438 2364 570 2402 quam
597 2351 749 2403 expleri
772 2352 880 2391 iubet
905 2365 955 2391 ex
979 2351 1132 2392 Dionis
1155 2351 1201 2394 C.
1223 2364 1289 2403 49.
1316 2364 1364 2402 14
1393 2351 1499 2392 οὕτω
1521 2351 1597 2402 μὲν
1619 2350 1689 2393 οὖν
1714 2353 1811 2392 τότε

134 2403 225 2446 τοὺς
253 2405 505 2456 στρατιώτας
531 2406 712 2458 κατέστη
715 2418 781 2446 σε·
817 2405 882 2446 καὶ
912 2404 962 2446 τὸ
989 2405 1065 2456 μὲν
1093 2405 1285 2459 ἀργύριον
1314 2406 1448 2447 αὐτοῖς
1478 2405 1633 2456 αὐτίκα,
1663 2406 1738 2458 τὴν
1767 2405 1810 2448 δὲ

134 2459 275 2513 χώραν
293 2460 341 2500 οὔ
360 2462 500 2513 τολλφ
515 2459 687 2513 ὕστερον
705 2459 837 2502 ἔδακε.
885 2460 1017 2512 luth)
1036 2460 1115 2513 ’γὰρ
1134 2462 1206 2502 οὐκ
1225 2459 1437 2514 ἐξήρκεσεν
1455 2463 1481 2513 ἡ
1502 2462 1546 2501 ἐν
1560 2463 1619 2514 τῷ
1635 2460 1812 2515 δημοσίῳ

134 2513 195 2556 In
222 2514 317 2555 τότε
346 2513 459 2564 οὖσα,
488 2514 802 2567 σροσοξετρίατο
825 2514 960 2568 ἄλλην
988 2530 1035 2556 τε
1064 2515 1130 2556 ml
1159 2515 1263 2568 παρὰ
1289 2516 1371 2555 τῶν
1400 2516 1628 2565 Καμπανῶν
1656 2516 1738 2556 τῶν
1768 2517 1812 2557 ἐν

134 2569 188 2622 τῇ
222 2569 364 2622 Καπύῃ
401 2570 620 2611 οἰκούντων
654 2569 827 2621 συχνήν·
881 2570 947 2611 καὶ
978 2569 1059 2623 γὰρ
1090 2570 1257 2612 hoium
1284 2572 1310 2623 ἡ
1341 2571 1454 2612 πόλις
1486 2572 1651 2612 πολλῶν
1684 2571 1812 2612 ἐδεῖτο

132 2630 217 2672 ete„
250 2624 359 2664 unde
385 2625 436 2666 L.
467 2639 507 2666 v.
536 2625 616 2665 Ian
639 2624 807 2676 (Philol.
839 2625 897 2667 iii.
932 2639 972 2678 p.
1008 2625 1107 2678 339)
1138 2626 1347 2678 supplebat
1378 2627 1532 2679 emptis
1558 2626 1711 2678 partim
1737 2627 1811 2678 qui

134 2679 431 2720 diuiderentur
459 2681 588 2731 agris,
618 2693 713 2721 cum
748 2693 834 2720 non
866 2681 1112 2721 sufficerent
1141 2682 1213 2732 qui
1247 2682 1290 2721 in
1323 2682 1583 2722 deductione
1613 2682 1810 2722 coloniae

134 2735 228 2774 eius
248 2747 278 2775 r.
300 2747 339 2774 e.
360 2735 517 2786 publici
537 2749 548 2775 z
580 2735 718 2775 Halm
746 2748 796 2775 ex
812 2736 1034 2775 mnndum
1061 2735 1279 2776 ueteranis
1306 2735 1348 2775 in
1375 2749 1502 2787 agros
1522 2736 1716 2777 deductis
1737 2737 1810 2788 qui

134 2788 328 2829 coloniae
340 2790 434 2830 eius
450 2790 584 2831 relicti
598 2796 720 2830 erant
737 2790 893 2842 publici
967 2803 1019 2830 10
1038 2790 1260 2830 uberiores
1271 2790 1382 2833 AP:
1404 2791 1588 2842 sonasse
1602 2791 1811 2832 uberioris

139 2856 152 2883 1
167 2856 180 2883 1
214 2844 442 2885 duodeties
461 2845 650 2885 sestertii
674 2845 715 2884 in
737 2844 894 2885 Cmeta
930 2844 975 2884 A
995 2860 1004 2886 ε
1036 2844 1143 2886 5-ss
1164 2844 1218 2895 P,
1240 2845 1333 2885 uide
1353 2845 1515 2888 Comm.
1543 2846 1642 2886 Cn't.
1761 2858 1810 2887 12

135 2898 463 2939 instrumentum
496 2899 680 2946 Gladius,
723 2900 799 2939 unte
826 2899 1087 2953 probabiliter
1261 2912 1310 2951 13
1340 2900 1518 2952 insigne.
1551 2900 1738 2941 Coronae
1764 2901 1807 2940 A

140 2965 188 3004 ¹5
226 2954 428 2995 meruerit
452 2954 527 2994 A:
570 2967 677 2994 num
705 2956 946 2995 meruerat?
1099 2966 1148 3005 17
1179 2954 1318 2995 laxior
1353 2962 1555 3007 suprascr.
1594 2955 1734 2997 laxius
1762 2955 1806 2995 A

138 3019 188 3059 19
214 3014 320 3048 extr.
347 3008 437 3048 ΑΡ
588 3021 636 3049 21
672 3008 837 3049 Libium
857 3007 971 3049 AP:
1018 3008 1225 3061 Lepidum
1253 3010 1484 3050 Rhenanus
1610 3010 1721 3052 bene
1744 3010 1811 3053 P:

136 3075 276 3115 paene
295 3062 453 3116 Schegk
554 3077 607 3104 22
627 3069 670 3104 et
690 3064 731 3104 in
754 3076 843 3116 rep.
862 3063 907 3104 A
927 3077 938 3105 z
967 3070 1011 3105 et
1033 3063 1144 3117 Rep.
1162 3063 1214 3116 P,
1239 3064 1331 3105 m‘de
1351 3064 1511 3106 Comm.
1536 3064 1632 3108 Cn‘t.

942 3177 995 3220 9⁵
