2014 3392
750 238 1008 286 VELLEI
1048 238 1448 288 PATERCVLI

252 386 431 437 rentur,
472 394 630 440 paene
668 377 794 426 inter
830 377 1031 426 ultimos
1069 377 1392 441 interrogatus
1434 378 1744 438 sententiam,
1783 387 1919 427 tanta

251 459 301 507 ui
342 459 494 507 animi
534 469 683 523 atque
730 459 896 523 ingeni
937 459 1162 508 inuectus
1205 470 1278 509 est
1318 460 1370 508 in
1411 459 1816 520 coniurationem,
1858 477 1918 508 eo

249 541 425 589 ardore
448 540 545 590 oris
570 541 844 590 orationem
877 540 1102 589 omnium
1135 540 1388 589 lenitatem
1421 540 1735 589 suadentium
1769 540 1920 589 socie—

201 634 228 671 4
250 629 349 669 tate
387 621 562 670 consili
598 631 878 685 suspectam
916 621 1044 681 fecit,
1084 620 1155 670 sic
1190 621 1530 684 impendentia
1567 638 1627 669 ex
1661 620 1813 669 ruinis
1849 620 1920 668 in-

249 702 538 766 cendiisque
579 703 713 752 urbis
752 713 800 752 et
847 702 1237 752 commutatione
1279 712 1432 752 status
1473 702 1661 766 publici
1701 702 1918 765 pericula
1943 721 1965 760 5

248 784 486 846 exposuit,
530 784 598 833 ita
644 784 860 845 consulis
902 784 1134 833 uirtutem
1180 784 1514 847 amplificauit,
1558 794 1612 832 ut
1658 783 1916 832 uniuersus

247 874 445 913 senatus
483 864 535 913 in
574 865 678 914 eius
720 865 1015 914 sententiam
1057 865 1281 914 transiret
1318 865 1916 927 animaduertendumque

245 943 296 992 in
338 962 438 1005 eos,
474 962 599 1008 quos
637 945 982 1008 praediximus,
1020 955 1242 994 censeret
1283 946 1537 1009 maiorque
1577 963 1687 1008 pars
1730 946 1915 995 ordinis

198 1042 219 1081 5
245 1025 349 1074 eius
398 1027 643 1075 Catonem
690 1035 1103 1089 prosequerentur
1149 1028 1369 1075 domum.
1455 1035 1505 1075 at
1552 1026 1766 1077 Catilina
1811 1045 1913 1076 non
1990 1086 1996 1090 .

245 1105 441 1168 segnius
467 1116 646 1155 conata
669 1106 806 1167 obiit,
834 1124 984 1170 quam
1009 1107 1204 1155 sceleris
1229 1107 1446 1156 conandi
1474 1107 1680 1156 consilia
1710 1107 1913 1157 inierat:
1943 1125 2009 1170 ια,

245 1186 431 1249 quippe
447 1187 709 1236 fortissime
726 1187 982 1247 dimicans,
1001 1204 1150 1251 quem
1170 1188 1408 1236 debuerat
1427 1188 1670 1251 supplicio
1690 1188 1913 1252 spiritum

245 1267 473 1316 reddidit.

152 1353 222 1410 36
313 1349 607 1399 Consulatui
627 1350 881 1400 Ciceronis
906 1367 1009 1399 non
1034 1350 1284 1400 mediocre
1307 1350 1487 1400 adiecit
1507 1352 1659 1400 decus
1684 1361 1827 1401 natus
1853 1369 1913 1401 eo

243 1447 377 1479 anno
393 1430 539 1480 diuus
556 1434 808 1494 Augustus
823 1431 1007 1480 abhinc
1021 1448 1180 1480 annos
1192 1433 1426 1491 †Lxxxl1,
1438 1431 1670 1481 omnibus
1687 1432 1911 1481 omnium
1987 1451 2009 1517 {4⁴

196 1532 215 1558 2
241 1511 462 1574 gentium
492 1512 607 1561 uiris
640 1512 980 1576 magnitudine
1013 1529 1101 1561 sua
1137 1512 1427 1561 inducturus
1466 1512 1738 1576 caliginem.
1811 1513 1910 1562 iam
1938 1523 2005 1599 ις’

241 1610 400 1656 paene
425 1611 849 1657 superuacaneum
874 1594 1031 1644 uideri
1054 1604 1218 1658 potest
1250 1594 1575 1644 eminentium
1600 1595 1909 1658 ingeniorum

240 1685 411 1724 notare
458 1685 694 1739 tempora.
785 1676 894 1740 quis
942 1676 1074 1725 enim
1122 1676 1313 1739 ignorat
1359 1676 1630 1739 diremptos
1677 1677 1909 1740 gradibus

239 1756 412 1805 aetatis
431 1757 653 1806 floruisse
672 1759 769 1806 hoc
788 1767 1011 1820 tempore
1031 1757 1339 1817 Ciceronem,
1364 1757 1705 1817 Hortensium,
1731 1765 1758 1807 †
1775 1775 1911 1807 sane·
1988 1765 2014 1826 '3¹

239 1853 336 1900 que
371 1839 619 1898 Crassum,
650 1840 955 1899 †Catonem,
991 1838 1278 1902 Sulpicium,
1317 1855 1532 1902 moxque
1569 1841 1791 1899 Brutum,
1820 1841 1911 1889 Ca·
1986 1831 2001 1888 l

238 1918 428 1979 lidium,
457 1919 697 1980 Caelium,
734 1921 947 1970 Caluum
979 1930 1028 1969 et
1059 1920 1338 1983 proximum
1377 1919 1608 1970 Ciceroni
1646 1922 1908 1971 Caesarem
1936 1914 2012 2126 a}

238 2017 510 2064 eorumque
535 2003 671 2050 uelut
694 2003 923 2050 alumnos
949 2001 1225 2052 Coruinum
1256 2018 1315 2050 ac
1348 2001 1626 2050 Pollionem
1662 2001 1906 2061 Asinium,

237 2083 590 2144 aemulumque
615 2082 923 2144 Thucydidis
949 2081 1248 2142 Sallustium,
1275 2091 1602 2146 auctoresque
1633 2082 1907 2131 carminum
1978 2001 2014 2138 ἰίΞ

169 2220 171 2224 .
235 2161 512 2208 Varronem
541 2177 600 2209 ac
634 2161 918 2209 Lucretium
958 2178 1121 2225 neque
1159 2163 1261 2210 ullo
1293 2161 1344 2210 in
1383 2161 1598 2225 suscepti
1636 2162 1796 2226 operis
1833 2162 1909 2211 sui
2013 2161 2014 2165 ’

1976 2132 2009 2260 Ξ

291 2317 308 2342 1
341 2318 454 2354 pene
473 2304 516 2342 A
703 2318 728 2343 2
759 2305 920 2355 ingenii
939 2305 1029 2344 ΑΡ
1134 2320 1186 2346 eo
1207 2306 1402 2358 Lipffl'us.
1392 2320 1402 2330 ·
1431 2311 1474 2345 et
1492 2305 1583 2344 ΑΡ
1756 2320 1782 2358 3
1810 2320 1907 2401 ευαὲ
2003 2305 2005 2352 Ξ

232 2359 425 2398 dentium
439 2360 509 2405 bis,
529 2372 642 2397 eraso
668 2360 896 2411 posteriore,
915 2360 958 2397 A
1124 2375 1152 2411 4
1172 2360 1314 2410 inp.A
1482 2372 1507 2410 5
1537 2369 1647 2401 com.
1669 2360 1712 2398 A
2002 2360 2005 2389 ='

231 2414 419 2452 consulis
444 2413 657 2452 Gelenius:
687 2414 860 2453 consilis
880 2414 947 2454 B:
978 2415 1145 2454 consilii
1163 2414 1254 2453 ΑΡ
1359 2427 1386 2465 9
1411 2414 1665 2454 Ciceronem
1685 2415 1867 2468 Hottign
1865 2430 1910 2455 er
1972 2405 2004 2460 Ξ

232 2481 318 2506 non
331 2469 505 2518 segnius
526 2481 610 2508 om
631 2469 676 2507 in
695 2472 816 2519 textu,
841 2468 936 2507 add.
958 2469 1002 2508 in
1024 2483 1158 2521 marg.
1177 2469 1220 2507 A
1409 2482 1459 2508 10
1486 2474 1640 2508 conata
1659 2469 1904 2511 Acidalius:
1971 2504 1986 2530 3

230 2528 331 2561 nota
352 2523 414 2561 B:
443 2528 544 2561 uota
562 2522 654 2560 ΑΡ
763 2523 1029 2562 intereratA
1192 2536 1238 2562 11
1269 2536 1310 2573 q.
1333 2523 1426 2564 deb.
1450 2537 1571 2574 supp.
1595 2524 1695 2574 spir.
1720 2526 1905 2565 reddidit

228 2578 394 2628 scripsi:
441 2590 569 2627 quem
607 2590 669 2627 sp.
706 2578 908 2628 supplitio
947 2578 1154 2618 debuerat
1191 2578 1376 2617 reddidit
1413 2578 1488 2617 A.
1535 2592 1661 2628 quem
1699 2592 1762 2629 sp.
1804 2593 1901 2630 sup·
1963 2557 1985 2620 Ξ

228 2631 358 2681 plicio
388 2632 594 2671 debuerat
631 2631 843 2683 supplicio
877 2633 1060 2671 reddidit
1092 2632 1136 2670 P
1395 2645 1444 2682 13
1474 2633 1527 2671 de
1562 2634 1654 2672 eius
1688 2634 1776 2682 del.,
1812 2635 1902 2674 dem

227 2693 428 2737 suprascr.
454 2687 584 2725 decus
599 2686 641 2724 A
760 2699 808 2736 14
829 2699 1010 2726 Lxxxxn
1026 2687 1170 2726 Aldus
1282 2699 1329 2736 17
1351 2687 1627 2737 direptosA:
1657 2689 1846 2738 direptos
1860 2689 1903 2727 B

231 2741 281 2778 18
310 2754 498 2791 saneque
528 2740 641 2779 AP:
685 2746 867 2792 anteque
895 2742 954 2783 ed.
985 2742 1168 2792 Bz'pont:
1206 2741 1442 2780 Antonium
1469 2741 1635 2782 Aldus:
1665 2743 1768 2793 fort.
1799 2749 1898 2782 ante
1968 2775 1972 2779 .

227 2795 393 2845 hosque
423 2796 488 2833 uel
505 2797 667 2845 hosque
688 2802 814 2836 ante:
845 2797 965 2834 uerba
984 2809 1174 2846 saneque
1195 2797 1397 2835 Crassum
1427 2797 1636 2835 Catonem
1663 2797 1898 2847 Sulpicium
1967 2813 1969 2818 ⁴

227 2849 471 2900 interpolata
499 2850 694 2888 iudicauit
719 2849 868 2889 Nova'k
893 2864 986 2889 cum
1015 2851 1102 2889 iam
1130 2864 1170 2900 9.
1201 2864 1226 2889 2
1256 2850 1397 2890 Crassi
1419 2850 1651 2902 Sulpicique
1679 2852 1819 2890 iniecta
1845 2853 1899 2890 sit

228 2905 378 2942 mentio
412 2917 482 2943 nec
499 2904 760 2955 probabiliter
784 2906 891 2944 inter
918 2906 1101 2955 aequalis
1133 2906 1313 2943 omissus
1339 2905 1393 2942 sit
1420 2904 1463 2942 A
1470 2903 1635 2944 utom'us
1848 2919 1898 2956 19

226 2958 433 2997 Catonem
461 2958 551 2996 ΑΡ
565 2973 574 2998 :
604 2959 775 2998 Cottam
795 2958 938 2997 Aldus
1119 2972 1172 2998 22
1202 2959 1433 2999 Salustium
1452 2959 1551 3010 ΑΡ,
1574 2959 1648 2997 sed
1668 2973 1767 2999 mox
1791 2960 1892 3000 Sall.

224 3011 267 3049 A
429 3026 481 3062 23
509 3013 697 3064 suscepti
717 3014 911 3065 Lipsius:
941 3014 1131 3064 suspecti
1150 3013 1262 3054 AP:
1294 3013 1526 3064 insuspecti
1545 3014 1603 3054 A.
1626 3013 1800 3054 Palmer
1825 3016 1898 3055 uix

219 3066 484 3118 probabiliter

1029 3218 1083 3259 54
