2014 3392
819 260 1036 310 LIBER
1073 260 1129 308 ΙΙ

118 417 308 450 annum
340 397 657 459 tricesimum,
683 396 857 461 rapuit.
929 397 1087 446 moles
1111 394 1295 446 deinde
1321 392 1468 462 [eius]
1493 394 1611 444 belli
1642 403 1794 444 trans-
1815 418 1841 457 4

119 484 219 532 lata
263 481 315 531 in
357 483 611 533 Neronem
658 489 761 530 est:
813 480 954 543 quod
993 478 1035 528 is
1075 495 1165 528 sua
1203 486 1253 527 et
1293 476 1474 526 uirtute
1512 487 1561 526 et
1597 479 1795 526 fortuna

119 562 483 614 administrauit
513 571 896 627 peragratusque
930 559 1090 610 uictor
1121 558 1285 609 omnis
1316 558 1467 623 partis
1497 558 1794 609 Germaniae

120 644 228 695 sine
268 646 372 695 ullo
411 643 710 695 detrimento
750 641 1004 693 commissi
1049 640 1303 701 exercituS,
1346 641 1485 704 quod
1530 639 1795 704 praecipue

12 742 15 780 ὲ
73 740 99 781 5
120 726 237 776 huic
261 726 378 777 duci
401 742 597 790 semper
613 741 760 775 curae
778 723 883 784 fuit,
900 723 971 773 sic
987 722 1271 787 perdomuit
1289 738 1415 782 eam,
1435 731 1490 770 ut
1514 720 1566 770 in
1584 723 1794 771 formam

12 793 15 827 ἶ
49 849 65 858 .
121 826 282 874 paene
327 807 675 872 stipendiariae
721 806 963 871 redigeret
1008 804 1308 870 prouinciae.
1397 813 1505 854 tum
1550 805 1673 853 alter
1719 803 1798 853 tri-

122 892 340 955 umphus
363 907 480 940 cum
502 891 658 939 altero
682 889 944 938 consulatu
967 876 1014 937 ei
1037 887 1235 937 oblatus
1259 895 1346 935 est.

193 974 331 1022 Dum
371 988 445 1032 ea,
484 987 614 1035 quae
654 969 882 1030 diximu8‚
921 968 973 1018 in
1015 966 1276 1018 Pannonia
1313 965 1681 1030 Germaniaque
1720 982 1799 1030 ge-
1822 965 1892 1027 98

124 1063 310 1112 runtur,
335 1062 475 1102 atrox
497 1051 549 1102 in
572 1051 787 1102 Thracia
809 1051 998 1100 bellum
1029 1059 1208 1110 ortum,
1234 1048 1470 1099 omnibus
1501 1048 1607 1098 eius
1638 1047 1799 1112 gentis

74 1155 103 1184 ο
125 1134 411 1185 nationibus
451 1134 504 1184 in
543 1151 682 1184 arma
718 1133 956 1194 accensiS‚
1001 1134 1057 1182 L.
1099 1131 1309 1193 PisoniS,
1349 1148 1501 1196 quem
1547 1131 1799 1195 hodieque

40 1234 41 1237 ’
124 1217 557 1283 diligentissimum
588 1227 740 1281 atque
770 1217 989 1266 eundem
1017 1214 1326 1266 lenissimum
1358 1213 1631 1265 securitatis
1659 1215 1801 1264 urba-

123 1317 218 1350 nae
252 1301 514 1350 custodem
550 1300 808 1360 habemuS,
847 1298 1002 1348 uirtus
1037 1297 1330 1362 compressit
1368 1297 1575 1364 (quippe
1611 1300 1800 1362 legatus
1825 1318 1844 1346 2

124 1382 351 1435 Caesaris
391 1382 604 1432 triennio
650 1399 767 1431 cum
813 1381 891 1431 his
928 1380 1132 1431 bellauit
1171 1380 1432 1445 gentisque
1473 1380 1801 1430 ferocissimas

123 1463 338 1528 plurimo
355 1480 472 1513 cum
495 1480 665 1513 earum
689 1462 883 1513 excidio
901 1479 1037 1512 nunc
1059 1461 1180 1523 acie,
1200 1479 1337 1512 nunc
1354 1461 1803 1526 expugnationibus

17 1611 19 1615 ι
48 1573 53 1579 -
76 1563 100 1604 5
123 1546 175 1596 in
199 1545 461 1610 pristinum
485 1545 621 1609 pacis
645 1544 834 1608 redegit
857 1542 1104 1609 modurn),
1124 1543 1331 1608 eiusque
1353 1543 1630 1608 patratione
1653 1543 1804 1594 Asiae

16 1617 20 1624 ’
124 1627 454 1688 securitatem,
483 1627 816 1677 Macedoniae
839 1643 1017 1691 pacem
1042 1625 1272 1676 reddidit.
1346 1627 1410 1676 de
1434 1643 1536 1690 quo
1569 1626 1676 1676 uiro
1705 1628 1803 1676 hoc
1828 1641 1851 1680 3

124 1710 360 1761 omnibus
383 1710 701 1760 sentiendum
729 1726 789 1759 ac
820 1708 1211 1774 praedicandum
1244 1718 1333 1770 est,
1359 1726 1468 1759 esse
1500 1726 1664 1760 mores
1696 1709 1802 1759 eius

124 1792 295 1857 uigore
339 1809 403 1842 ac
440 1792 643 1842 lenitate
685 1791 1004 1842 mixtissimos
1045 1801 1095 1841 et
1136 1790 1220 1841 uix
1257 1808 1562 1856 quemquam
1603 1791 1802 1856 reperiri

20 1924 21 1933 ,
125 1890 288 1938 posse,
328 1873 416 1938 qui
461 1884 548 1935 aut
587 1873 746 1924 otium
787 1873 1001 1923 ualidius
1036 1872 1208 1937 diligat
1247 1882 1333 1923 aut
1368 1873 1559 1923 facilius
1595 1873 1804 1923 sufficiat

20 2005 22 2022 ἶ
46 1979 55 1992 ·-
77 1973 106 2003 ο
126 1955 330 2021 negotio
364 1966 415 2006 et
443 1955 599 2021 magis
624 1973 752 2021 quae
783 1957 979 2020 agenda
1010 1965 1126 2005 sunt
1157 1965 1295 2006 curet
1327 1955 1435 2006 sine
1463 1958 1564 2006 ulla
1591 1965 1805 2006 ostenta-

122 2038 262 2088 tione
282 2038 477 2103 agendi.

196 2124 344 2175 Breui
398 2124 655 2175 interiecto
711 2123 872 2189 spatio
917 2123 994 2173 Ti.
1037 2125 1174 2173 Nero
1220 2124 1419 2174 duobus
1460 2124 1802 2175 consulatibus
1829 2136 1906 2185 99

127 2206 439 2272 totidemque
462 2207 724 2272 triumphis
746 2208 870 2259 actis
888 2208 1180 2259 tribuniciae
1203 2210 1460 2274 potestatis
1485 2211 1804 2262 consortione

126 2299 368 2354 aequatus
392 2292 634 2354 Augusto,
661 2290 846 2341 ciuium
875 2302 989 2356 post
1021 2310 1192 2353 unum,
1219 2302 1268 2343 et
1299 2295 1412 2354 hoc,
1438 2293 1556 2358 quia
1587 2295 1804 2355 uolebat,

58 2386 106 2428 “5
129 2371 565 2433 eminentissimuS,
614 2374 800 2423 ducum
857 2374 1114 2436 maximus,
1163 2376 1295 2425 fama
1340 2378 1637 2441 fortunaque
1684 2379 1808 2427 cele-

129 2453 370 2505 berrimus
394 2465 443 2504 et
468 2471 583 2504 uere
605 2456 814 2505 alterum
847 2455 916 2506 rei
947 2455 1177 2520 publicae
1210 2458 1379 2507 lumen
1408 2467 1457 2508 et
1495 2467 1657 2522 caput,
1685 2457 1808 2508 rnira
1834 2478 1853 2505 2

130 2536 347 2601 quadarn
373 2545 421 2586 et
446 2535 723 2586 incredibili
747 2547 899 2602 atque
923 2537 1236 2588 inenarrabili
1254 2538 1451 2603 pietate,
1469 2539 1610 2589 cuius
1629 2557 1808 2590 causae

133 2633 249 2668 mox
282 2618 509 2668 detectae
545 2629 675 2679 sunt,
706 2636 820 2669 cum
858 2621 915 2671 C.
944 2621 1128 2671 Caesar
1155 2620 1446 2685 sumpsisset
1482 2621 1579 2671 iam
1616 2621 1807 2673 uirilem

132 2709 315 2765 togam,
357 2699 541 2750 Lucius
583 2699 700 2751 item
744 2711 964 2752 maturus
1004 2713 1135 2753 esset
1172 2702 1348 2764 †uiris‚
1390 2721 1453 2754 ne
1491 2706 1651 2769 fulgor
1691 2722 1810 2756 suus

215 2821 294 2856 eius

190 2876 208 2903 1
298 2864 397 2905 belli
422 2866 510 2917 (sic)
531 2865 576 2905 A
597 2880 607 2906 ε
623 2865 807 2916 sot-tam
825 2868 919 2908 eius
938 2867 1211 2908 omittendum
1231 2873 1317 2909 erat
1480 2882 1507 2922 3
1535 2877 1811 2923 peruagatus-

130 2931 216 2970 que
232 2918 440 2959 Ruhnken
552 2921 689 2961 omnis
705 2922 838 2972 partis
853 2921 896 2961 A
996 2923 1024 2962 6
1052 2935 1165 2975 pene
1183 2923 1227 2963 A
1314 2931 1484 2975 regeret
1502 2925 1546 2966 A
1643 2926 1671 2966 8
1699 2939 1811 2979 quae

131 2974 425 3026 praediximus
444 2973 487 3014 P
596 2987 647 3015 zo
678 2975 795 3016 Lucii
814 2975 907 3016 ΑΡ
1016 2989 1066 3029 13
1095 2978 1161 3018 his
1179 2976 1292 3019 ΑΡ.
1322 2978 1374 3020 iis
1392 2979 1530 3021 Halm
1641 2988 1810 3031 gentes-

130 3040 218 3079 que
237 3028 328 3068 ΑΡ
430 3030 480 3069 18
502 3030 643 3080 rigore
669 3029 844 3071 Vnmus
945 3044 999 3071 22
1018 3031 1081 3073 Ti.
1100 3032 1167 3073 Ρ·
1187 3032 1236 3072 Τ.
1249 3032 1292 3072 A
1384 3046 1439 3085 29
1461 3033 1638 3079 Lucius]
1656 3035 1702 3077 L.
1723 3036 1816 3076 ΑΡ

134 3083 240 3123 uiris
258 3082 372 3124 ΑΡ·
401 3085 563 3124 ueritus
589 3084 874 3126 Vasconum·
894 3086 1058 3127 uiribus
1078 3086 1305 3140 Bn'pontma
1331 3088 1418 3130 ed.-
1447 3090 1560 3130 curis
1583 3089 1811 3131 Het'nszus:

134 3137 227 3188 uim
247 3138 284 3178 is
296 3138 506 3181 Launne:
514 3140 697 3191 sortasse
710 3139 866 3182 Lucius
877 3140 1019 3183 eidem
1034 3148 1227 3183 maturus
1238 3149 1367 3195 esset,
1383 3144 1452 3184 uir
1463 3144 1500 3185 is
1514 3144 1582 3199 (sc.
1596 3145 1811 3196 Tiberius)

916 3216 997 3262 ιο9
