2014 3392
702 219 962 266 VELLEI
1000 219 1403 269 PATERCVLI

202 365 300 420 per
336 357 599 407 Caesarem
635 358 711 405 M.
753 355 972 419 Lepidus
1013 357 1288 419 praefectus
1329 365 1417 417 est,
1461 355 1536 405 uir
1572 356 1788 407 nominis
1825 375 1885 407 ac

213 438 438 486 fortunae
470 439 678 487 deorum
714 436 977 500 proximus,
1005 453 1155 499 quem
1191 436 1242 484 in
1278 446 1520 500 quantum
1555 437 1766 501 quisque
1801 449 1885 488 aut

215 534 514 581 cognoscere
537 527 623 566 aut
641 517 922 580 intellegere
946 516 1121 580 potuit,
1143 516 1195 565 in
1219 527 1412 566 tantum
1428 517 1631 567 miratur
1648 536 1707 568 ac
1725 519 1885 583 diligit

214 610 565 664 tantorumque
581 599 856 659 nominum,
867 599 1048 662 quibus
1065 609 1198 648 ortus
1214 609 1302 660 est,
1320 610 1667 649 ornamentum
1683 600 1881 650 iudicat.

115 703 193 750 115
283 684 467 733 Caesar
502 685 567 732 ad
598 685 801 731 alteram
837 682 955 731 belli
992 682 1256 731 Delmatici
1281 685 1465 732 molem
1489 683 1712 732 animum
1735 694 1885 747 atque
1910 702 1931 741 5

214 783 350 815 arma
396 766 617 816 contulit.
691 766 742 814 in
789 783 889 829 qua
934 765 1133 829 regione
1179 766 1314 829 quali
1359 766 1584 816 adiutore
1624 769 1886 831 legatoque

214 849 358 897 fratre
383 865 496 897 meo
524 847 693 910 Magio
719 848 893 897 Celere
917 846 1176 896 Velleiano
1207 864 1325 896 usus
1358 847 1433 908 sit,
1459 847 1612 911 ipsius
1636 848 1886 912 patrisque

214 931 318 979 eius
357 929 724 993 praedicatione
748 939 981 978 testatum
1011 939 1085 978 est
1108 938 1158 978 et
1180 929 1596 993 amplissimorum
1621 933 1883 992 donorum,
1930 982 1935 989 ,

215 1012 395 1076 quibus
434 1012 742 1075 triumphans
781 1028 895 1060 eum
936 1013 1118 1062 Caesar
1163 1011 1383 1072 donauit,
1427 1011 1585 1075 signat
1631 1013 1882 1062 memoria.

173 1113 192 1140 2
216 1094 356 1143 initio
391 1093 588 1143 aestatis
628 1093 847 1157 Lepidus
885 1096 1067 1143 educto
1102 1092 1320 1142 hibernis
1357 1093 1570 1143 exercitu
1606 1111 1694 1158 per
1727 1095 1886 1158 gentis
1913 1114 1962 1143 10

215 1176 426 1239 integras
473 1175 790 1239 inmunisque
837 1177 1003 1225 adhuc
1050 1176 1192 1224 clade
1239 1175 1356 1225 belli
1402 1185 1450 1225 et
1497 1193 1558 1225 eo
1604 1176 1781 1226 ferocis
1827 1194 1886 1226 ac

214 1258 362 1308 trucis
396 1261 606 1308 tendens
638 1260 703 1308 ad
727 1258 983 1308 Tiberium
1016 1258 1362 1322 imperatorem
1387 1268 1437 1308 et
1460 1276 1575 1308 cum
1600 1258 1887 1309 difficultate

215 1345 437 1391 locorum
486 1351 535 1390 et
581 1358 696 1390 cum
742 1340 794 1390 ui
840 1340 1059 1390 hostium
1106 1342 1332 1401 luctatus,
1373 1358 1553 1405 magna
1593 1358 1708 1390 cum
1747 1343 1888 1391 clade

215 1422 563 1472 obsistentium
610 1421 783 1477 excisis
829 1421 969 1486 agris,
1019 1421 1200 1471 exustis
1251 1421 1502 1483 aedificiis,
1553 1422 1707 1471 caesis
1754 1422 1884 1483 uiris,
1999 1479 2002 1482 Δ

215 1508 372 1554 laetus
414 1504 621 1553 uictoria
661 1506 943 1568 praedaque
982 1514 1190 1554 onustus
1231 1504 1457 1568 peruenit
1497 1506 1562 1554 ad
1605 1506 1882 1564 Caesarem,
1914 1520 1962 1560 15
2000 1534 2003 1538 -

173 1606 196 1644 3
217 1596 265 1635 et
302 1587 369 1635 ob
410 1603 481 1646 ea,
526 1602 654 1649 quae
696 1585 736 1634 si
778 1585 984 1649 propriis
1026 1584 1255 1648 gessisset
1295 1584 1540 1649 auspiciis,
1584 1585 1886 1649 triumphare

215 1670 468 1728 debuerat,
487 1667 788 1717 ornamentis
804 1667 1182 1731 triumphalibus
1202 1667 1543 1717 consentiente
1568 1685 1682 1717 cum
1701 1667 1887 1717 iudicio

168 1782 192 1816 4
215 1751 495 1815 principum
542 1752 799 1799 uoluntate
847 1759 1045 1798 senatus
1085 1768 1108 1795 *
1148 1767 1172 1794 *
1210 1759 1296 1798 est.
1370 1749 1453 1798 illa
1484 1759 1643 1798 aestas
1685 1749 1885 1798 maximi

215 1833 332 1883 belli
357 1831 723 1882 consummauit
752 1833 985 1881 effectus:
1042 1830 1226 1895 quippe
1263 1834 1496 1880 Perustae
1532 1841 1581 1881 et
1618 1831 1883 1881 Desitiates

217 1917 490 1975 Delmatae,
535 1913 630 1962 situ
668 1915 892 1962 locorum
930 1930 988 1961 ac
1030 1912 1290 1973 montium,
1329 1912 1638 1976 ingeniorum
1685 1912 1880 1972 ferocia,
1911 1931 1960 1960 20
2001 1915 2005 1965 ζ

215 1999 337 2048 mira
360 1999 509 2048 etiam
534 1998 789 2062 pugnandi
813 1997 1018 2047 scientia
1042 2007 1090 2047 et
1122 1997 1384 2061 praecipue
1408 1997 1644 2061 angustiis
1669 1999 1882 2047 saltuum

216 2098 374 2144 paene
413 2079 832 2143 inexpugnabiles,
871 2097 974 2129 non
1012 2079 1111 2128 iam
1150 2081 1318 2140 ductu,
1346 2081 1435 2129 sed
1472 2077 1702 2128 manibus
1737 2089 1887 2142 atque

215 2162 362 2211 armis
399 2162 550 2226 ipsius
589 2161 811 2212 Caesaris
848 2171 954 2211 tum
990 2164 1195 2211 demum
1230 2161 1392 2225 pacati
1421 2171 1549 2222 sunt,
1578 2178 1692 2210 cum
1728 2178 1887 2225 paene

169 2269 191 2306 5
216 2245 438 2294 funditus
481 2244 639 2293 euersi
676 2246 849 2293 forent.
922 2243 1045 2292 nihil
1086 2243 1137 2292 in
1175 2245 1272 2293 hoc
1310 2253 1448 2293 tanto
1487 2244 1633 2303 bello,
1672 2243 1794 2292 nihil
1835 2243 1886 2292 in

273 2388 291 2413 1
325 2387 402 2425 per
415 2375 558 2414 addidi
646 2374 703 2413 M.
728 2374 820 2414 add.
844 2374 984 2414 Burer
1073 2374 1183 2425 pref.
1198 2373 1240 2412 A
1327 2373 1489 2412 nomini
1508 2372 1725 2411 Aa'dalius
1860 2386 1886 2412 2

215 2431 394 2469 deorum
414 2429 624 2469 Laurent:
654 2443 803 2469 eorum
822 2429 936 2469 AP:
992 2430 1223 2468 Caesarum
1244 2427 1423 2479 Scheffer
1566 2441 1664 2466 max
1683 2427 1770 2478 del„
1794 2427 1885 2467 dein

214 2485 435 2535 proximus
455 2484 496 2522 A
524 2485 612 2530 (sic)
780 2497 805 2532 3
834 2484 1083 2533 intellegere
1102 2484 1145 2522 A
1164 2499 1172 2524 :
1205 2483 1384 2532 intellig.
1408 2482 1452 2520 P
1625 2494 1650 2531 5
1682 2482 1818 2522 Dalm.
1838 2482 1882 2520 A

215 2553 238 2589 7
268 2539 489 2578 Velleiano
523 2537 736 2578 Geleniusz
767 2539 854 2577 Ulli
877 2538 966 2585 (ulli
987 2538 1049 2589 P)
1074 2539 1186 2577 ssano
1205 2537 1314 2577 AP:
1347 2537 1530 2576 Ulissano
1550 2535 1689 2575 Burer
1858 2538 1884 2576 8

213 2596 426 2633 donem
446 2595 654 2632 honorum
673 2593 716 2631 A
742 2593 855 2645 (πῶς
887 2594 1094 2632 honorum
1115 2592 1157 2631 P
1322 2605 1372 2631 10
1400 2592 1618 2642 pergentis
1638 2591 1677 2629 in
1705 2592 1803 2642 (om.
1825 2590 1884 2638 P)

216 2650 405 2698 integras
429 2648 670 2700 (integritas
689 2647 747 2699 B)
769 2646 898 2685 APB
1028 2660 1074 2686 11
1107 2655 1358 2697 imunesque
1378 2645 1419 2684 Β
1436 2661 1446 2685 z
1486 2647 1780 2695 immunesque
1799 2645 1889 2684 AP

214 2704 382 2742 feroces
398 2716 445 2741 ac
459 2708 602 2741 truces
614 2703 702 2741 ΑΡ
813 2715 862 2751 14
883 2701 984 2742 edis.
1001 2702 1043 2740 A
1164 2704 1212 2740 16
1231 2701 1426 2751 auspitiis
1438 2700 1480 2738 A
1599 2713 1646 2750 17
1668 2699 1818 2738 iuditio
1838 2700 1881 2738 A

219 2760 269 2797 18
288 2758 579 2809 suppleuerunt
592 2762 766 2796 ornatus
784 2755 830 2795 G.
844 2756 904 2797 A.
918 2756 1045 2804 Koch,
1061 2757 1104 2795 in
1120 2770 1249 2806 quam
1263 2754 1490 2806 παρήχησιν
1504 2759 1541 2792 et
1555 2755 1636 2806 ipse
1650 2754 1881 2804 incideram,

215 2813 261 2862 cf.
283 2813 515 2850 honoribus
535 2813 789 2851 honoratum
814 2824 904 2860 124.
926 2823 980 2860 3:
1009 2812 1190 2850 donatus
1209 2809 1464 2849 Rhenanus:
1497 2810 1731 2848 honoratus
1761 2808 1887 2846 Herel

209 2868 407 2917 probante
435 2865 581 2906 Nova'k
794 2871 908 2904 estas
938 2865 1106 2904 maximi
1139 2865 1328 2914 (maximi
1349 2863 1536 2914 Feclzter)
1708 2875 1758 2913 19
1788 2875 1883 2901 con-

215 2921 401 2960 sumauit
421 2920 462 2958 A
658 2920 830 2970 perusia
859 2920 1129 2959 aedesitiales
1157 2919 1199 2957 A
1222 2934 1231 2959 :
1272 2919 1450 2957 Perusia
1480 2918 1587 2956 aede
1618 2917 1787 2956 siciales
1817 2916 1885 2955 P:

219 2974 427 3014 Perustae
458 2974 559 3014 Voss
669 2974 906 3013 Desitiates
938 2973 1151 3014 Gelenius:
1189 2979 1231 3012 et
1258 2974 1372 3024 uulg.
1393 2986 1443 3011 ac
1469 2971 1571 3011 Voss
1586 2972 1703 3023 prob.
1725 2971 1886 3010 Kritzio

217 3042 272 3069 20
301 3030 524 3069 Delmatae
542 3028 607 3069 B:
639 3029 860 3069 Dalmatae
878 3028 968 3067 ΑΡ
1128 3041 1178 3066 21
1210 3028 1364 3067 saltum
1384 3039 1496 3078 pene
1515 3026 1557 3064 A

1020 3126 1097 3167 126
