2014 3392
696 226 955 273 VELLEI
994 225 1395 275 PATERCVLI

207 364 469 425 euasimus‚
511 365 745 414 elusimus
782 365 1030 429 partibus!
1090 376 1277 429 quanto
1325 384 1439 415 cum
1485 375 1876 430 temperamento

209 452 238 499 †
253 447 399 495 simul
418 447 636 497 utilitatis
661 465 736 497 res
755 448 1043 497 auctoritate
1062 448 1366 511 imperatoris
1390 448 1469 512 agi
1492 448 1708 498 uidimus
1729 453 1738 498 1
1780 466 1878 512 qua

209 529 472 592 prudentia
517 529 724 579 hiberna
764 529 1003 593 disposita
1039 534 1182 579 sunt!
1242 540 1429 593 quanto
1471 547 1619 594 opere
1660 530 1878 579 inclusus

209 612 447 662 custodiis
472 613 710 662 exercitus
735 614 901 674 nostri,
930 631 992 663 ne
1017 630 1116 677 qua
1146 624 1314 677 posset
1345 630 1600 676 erumpere
1635 612 1880 676 inopsque

210 693 464 757 copiarum
490 705 538 744 et
562 695 687 744 intra
711 713 763 744 se
788 698 952 744 furens
977 695 1163 744 uiribus
1187 695 1342 745 hostis
1367 697 1762 758 elanguesceret!

110 792 189 826 112
280 776 417 825 Felix
446 787 642 837 euentu,
670 779 794 826 forte
832 786 1014 826 conatu
1051 776 1209 840 prima
1245 786 1430 826 aestate
1468 775 1584 825 belli
1624 774 1880 824 Messalini

169 882 187 909 2
211 876 338 922 opus
386 861 727 908 mandandum
774 868 848 907 est
895 857 1174 907 memoriae.
1265 857 1350 921 qui
1396 857 1470 906 uir
1516 856 1684 906 animo
1731 855 1879 905 etiam

210 957 361 1004 quam
380 950 525 1003 gente
550 940 763 990 nobilior
786 939 1203 1003 dignissimusque‚
1226 939 1311 1003 qui
1330 949 1378 988 et
1395 948 1584 1002 patrem
1605 937 1880 988 Coruinum

210 1022 465 1071 habuisset
511 1032 559 1071 et
607 1039 886 1085 cognomen
938 1039 1083 1070 suum
1143 1023 1321 1072 Cottae
1378 1020 1510 1069 fratri
1567 1019 1877 1083 relinqueret,

211 1103 518 1168 praepositus
545 1103 740 1167 Illyrico
765 1103 928 1153 subita
958 1102 1227 1152 rebellione
1252 1120 1366 1151 cum
1391 1101 1663 1164 semiplena
1686 1100 1880 1164 legione

212 1186 450 1236 uicesima
487 1186 819 1235 circumdatus
856 1185 1023 1234 hostili
1064 1184 1278 1234 exercitu
1306 1183 1517 1247 amplius
1549 1182 1724 1247 uiginti
1747 1182 1883 1231 milia

216 1265 475 1334 [hostium]
502 1267 630 1316 fudit
653 1266 940 1330 fugauitque
960 1275 1008 1315 et
1028 1266 1094 1315 ob
1113 1266 1164 1315 id
1184 1264 1485 1315 ornamentis
1504 1261 1882 1328 triumphalibus

170 1365 192 1402 3
214 1351 485 1399 honoratus
527 1360 613 1400 est.
709 1350 776 1400 ita
816 1352 1043 1415 placebat
1090 1350 1307 1400 barbaris
1355 1367 1589 1399 numerus
1637 1367 1767 1409 suus,
1818 1349 1884 1398 ita

214 1432 397 1481 fiducia
443 1431 636 1492 uirium,
686 1442 740 1481 ut
791 1433 1095 1496 ubicumque
1143 1434 1326 1483 Caesar
1372 1441 1513 1492 esset,
1564 1430 1686 1479 nihil
1733 1430 1784 1479 in
1831 1448 1883 1479 se

215 1523 521 1576 reponerent.
595 1531 705 1577 pars
747 1514 986 1564 exercitus
1025 1531 1211 1574 eorum,
1252 1513 1505 1578 proposita
1544 1512 1638 1577 ipsi
1678 1512 1795 1562 duci
1836 1522 1884 1561 et
1915 1531 1956 1571 x:

215 1596 279 1643 ad
316 1594 570 1643 arbitrium
612 1595 972 1658 utilitatemque
1009 1605 1227 1644 nostram
1269 1603 1515 1643 macerata
1548 1595 1885 1657 perductaque

214 1678 280 1725 ad
305 1675 603 1725 exitiabilem
628 1678 825 1737 famem,
853 1694 1016 1741 neque
1041 1677 1306 1725 instantem
1332 1675 1571 1725 sustinere
1596 1692 1759 1738 neque
1787 1677 1885 1733 'sut

215 1756 510 1806 facientibus
552 1757 748 1821 copiam
789 1757 1045 1821 pugnandi
1086 1756 1521 1820 derigentibusque
1566 1755 1726 1805 aciem
1766 1772 1886 1804 ausa

216 1838 452 1901 congredi
488 1848 732 1902 occupato
774 1848 944 1887 monte
987 1838 1199 1889 Claudio
1235 1837 1511 1886 munitione
1553 1854 1605 1886 se
1647 1835 1882 1886 defendit.

171 1943 194 1979 4
216 1929 266 1969 at
308 1937 367 1969 ea
407 1937 532 1983 pars,
572 1937 700 1983 quae
739 1920 940 1970 obuiam
979 1937 1032 1969 se
1070 1921 1308 1969 effuderat
1345 1918 1591 1979 exercitui,
1635 1935 1786 1982 quem
1824 1920 1882 1966 A.

218 2000 436 2051 Caecina
483 2010 532 2050 et
572 2001 802 2050 Siluanus
850 2000 1070 2050 Plautius
1117 2002 1400 2050 consulares
1447 2017 1507 2049 ex
1553 1998 1886 2048 transmarinis
2011 2062 2014 2072 1

216 2083 534 2132 adducebant
604 2082 885 2146 prouinciis,
955 2082 1252 2131 circumfusa
1319 2080 1541 2144 quinque
1610 2079 1886 2144 legionibus
2010 2087 2014 2131 2

275 2225 294 2249 1
327 2212 541 2250 euasimus
560 2217 762 2262 suprascr.
787 2211 878 2250 eius
898 2212 1006 2251 imus
1026 2211 1068 2249 A
1091 2227 1100 2251 z
1129 2212 1344 2251 euasimus
1364 2210 1467 2250 PB:
1502 2211 1727 2250 uniuersas
1748 2211 1887 2250 euasi-

217 2279 326 2314 mus,
358 2266 562 2305 elusimus
589 2266 780 2316 partibus
834 2267 1016 2305 Thomas
1040 2271 1081 2316 p.
1105 2280 1170 2316 29,
1201 2266 1240 2306 h.
1255 2280 1285 2306 e.
1319 2266 1588 2304 ‘uniuersum
1620 2265 1776 2303 hostem
1804 2266 1891 2304 sine

217 2321 374 2359 damno
392 2321 663 2371 euadentibus,
686 2321 806 2359 sicuti
827 2325 966 2360 tamen
975 2321 1076 2371 fieri
1088 2325 1259 2372 poterat,
1282 2320 1477 2371 paruulis
1495 2320 1661 2370 proeliis
1679 2333 1887 2358 concursa-

218 2376 395 2414 tionibus
423 2375 696 2414 eludentibus'
874 2389 899 2414 2
916 2376 1098 2425 fortasse
1128 2375 1378 2414 simulatae:
1427 2387 1617 2413 summae
1651 2373 1887 2412 Mommsen

217 2430 414 2469 utilitatis
433 2429 531 2480 ΑΡ,
556 2430 670 2479 quod
686 2444 736 2468 ex
760 2442 846 2478 127.
881 2443 906 2468 2
936 2430 1159 2469 utilitatem
1188 2429 1440 2469 auctoritate
1471 2429 1624 2467 muniri
1654 2428 1888 2468 uindicaui:

219 2484 434 2523 ciuilitatis
475 2484 682 2523 Ruhnken
721 2489 756 2522 et
795 2484 998 2536 Maduig:
1048 2485 1171 2523 simul
1214 2485 1304 2524 util.
1335 2483 1593 2534 reipublicae
1632 2488 1675 2522 et
1708 2483 1888 2522 auctori-

218 2539 318 2578 tatis
348 2539 617 2589 imperatoris
645 2539 767 2578 Kritz
959 2554 984 2590 4
1003 2540 1187 2590 fortasse
1214 2545 1262 2578 ut
1300 2552 1355 2577 ne
1558 2539 1586 2576 6
1614 2537 1723 2576 forte
1761 2543 1889 2588 supra

219 2607 389 2632 uersum
425 2594 543 2632 habet
573 2593 616 2631 A
785 2596 810 2632 8
839 2607 922 2644 que
961 2594 1117 2633 addidit
1152 2593 1351 2632 Heinsius
1519 2605 1564 2630 11
1596 2592 1776 2642 amplius
1814 2591 1888 2631 ii.

219 2649 406 2687 hostiurn
427 2648 492 2687 P:
542 2662 567 2687 a
597 2662 638 2686 m
666 2648 727 2686 31}
755 2648 814 2698 A,
836 2649 949 2699 quod
971 2650 1075 2687 sitne
1105 2649 1286 2699 amplius
1313 2647 1424 2686 milia
1457 2647 1608 2695 uiginti
1633 2660 1690 2685 an
1714 2647 1892 2697 amplius

219 2703 372 2752 uiginti
405 2703 520 2741 milia
553 2703 791 2754 ambigitur.
847 2703 968 2742 Num
997 2704 1050 2742 ad
1080 2717 1138 2741 xx
1167 2702 1310 2742 milia?
1480 2703 1532 2740 16
1552 2706 1649 2752 post
1672 2701 1890 2740 arbitrium

219 2757 394 2796 deletum
415 2762 473 2796 est
490 2758 533 2795 in
553 2757 595 2795 A
619 2758 738 2797 ducis
913 2770 959 2806 17
986 2759 1193 2796 instantes
1212 2755 1429 2795 Acidalius
1586 2762 1632 2795 ut
1651 2754 1742 2793 ΑΡ
1754 2769 1764 2795 2
1794 2769 1889 2794 cum

220 2811 447 2852 Ruhnken:
465 2812 648 2862 sortasse
675 2812 834 2852 nostris
967 2814 1016 2851 18
1046 2811 1339 2861 derigentibus
1357 2823 1467 2860 quae
1487 2809 1530 2848 A
1552 2825 1561 2850 :
1591 2810 1890 2858 dirigentibus·

220 2879 303 2915 que
322 2866 407 2904 BP
486 2867 621 2906 aciem
634 2873 836 2918 suprascr.
861 2867 993 2906 aciam
1013 2867 1055 2904 A
1073 2882 1082 2907 z
1118 2867 1251 2905 aciem
1270 2865 1312 2903 Β
1330 2880 1339 2904 :
1369 2865 1498 2904 etiam
1510 2864 1560 2913 P,
1581 2864 1654 2903 sed
1660 2863 1892 2903 Rhenanus

220 2921 263 2959 in
285 2934 420 2971 marg.
447 2923 457 2941 ‘
472 2920 575 2960 alias
595 2921 732 2960 aciem
747 2920 757 2938 '
772 2936 781 2961 ε
799 2921 982 2972 fortasse
998 2934 1046 2960 ac
1068 2922 1153 2967 (uel
1169 2921 1314 2970 atque)
1338 2920 1422 2958 iam
1443 2918 1734 2968 derigentibus
1754 2919 1889 2957 aciem

220 2988 275 3014 20
303 2980 347 3014 at
367 2988 419 3014 ea
439 2974 480 3012 Β
505 2980 543 3013 et
559 2975 793 3015 Rhenanus
818 2976 862 3015 in
890 2989 1024 3027 marg.
1046 2975 1089 3014 P
1102 2990 1112 3016 ε
1159 2976 1293 3015 altera
1311 2974 1354 3013 A
1374 2987 1385 3012 t
1427 2979 1554 3012 antea
1582 2973 1626 3011 P
1741 2986 1826 3022 que
1844 2972 1887 3010 A

221 3042 271 3068 21
305 3029 504 3122 Planlcqius
523 3030 566 3069 A
758 3044 811 3069 22
842 3031 1002 3070 circum
1029 3029 1096 3070 P:
1136 3043 1256 3069 raum
1287 3030 1451 3080 (craum
1479 3028 1655 3079 Fechter)
1684 3032 1889 3078 suprascr.

221 3096 379 3123 circum

1012 3159 1087 3189 122
