2014 3392
705 190 964 238 VELLEI
1002 190 1403 240 PATERCVLI

214 328 432 379 diceres:
483 330 547 378 de
590 327 728 378 cuius
769 327 861 377 uiri
899 330 1030 377 claro
1067 327 1267 391 ingenio
1306 327 1587 392 celebrique
1624 329 1885 378 consulatu

167 427 189 466 3
218 408 559 472 praediximus.
632 408 750 460 anni
786 409 890 458 eius
926 408 1114 458 aestiua
1145 425 1303 472 usque
1338 409 1390 457 in
1423 426 1646 459 mensem
1677 413 1886 459 Decem-

216 491 355 540 brem
410 493 647 554 perducta
693 490 904 539 inmanis
963 492 1356 540 emolumentum
1415 492 1574 540 fecere
1631 491 1880 540 uictoriae.

215 565 398 634 pietas*
418 588 507 620 sua
548 572 811 621 Caesarem
858 587 1017 634 paene
1064 570 1326 620 obstructis
1368 571 1532 621 hieme
1573 572 1785 636 Alpibus
1832 572 1883 620 in
1998 634 1999 638 Ἰ

214 653 388 703 urbem
425 652 566 701 traxit
582 671 596 713 3
644 654 712 703 ad
747 654 952 703 tutelam
987 651 1162 715 imperi
1197 669 1311 701 eum
1348 652 1475 702 ueris
1511 653 1652 703 initio
1692 653 1884 703 reduxit
1912 672 1934 712 5
1980 652 1993 714 5¹ss

214 733 265 783 in
308 733 640 793 Germaniam,
681 733 732 782 in
771 733 910 782 cuius
949 733 1125 782 mediis
1163 733 1346 782 finibus
1387 735 1452 783 ad
1494 744 1642 798 caput
1682 734 1884 792 †Iuliae
1981 723 1989 730 ³

215 815 432 863 fluminis
457 814 664 863 hiberna
684 813 966 877 digrediens
991 813 1219 877 princeps
1244 816 1504 863 locauerat.

90 903 190 951 106
283 899 378 946 Pro
412 896 481 945 dii
516 895 650 956 boni,
685 895 862 959 quanti
896 894 1164 944 uoluminis
1200 912 1350 959 opera
1384 896 1665 960 insequenti
1699 906 1884 946 aestate
2004 955 2007 963 ‚

213 978 306 1027 sub
339 980 468 1027 duce
497 976 700 1026 Tiberio
734 978 945 1027 Caesare
977 976 1248 1040 gessimus!
1283 979 1574 1040 perlustrata
1601 977 1748 1027 armis
1781 987 1885 1027 tota
1984 970 2007 1047 J}

214 1057 481 1108 Germania
521 1067 608 1118 est,
653 1057 814 1109 uictae
851 1067 1021 1121 gentes
1059 1074 1218 1120 paene
1260 1057 1546 1107 nominibus
1585 1058 1879 1121 incognitae,
1914 1075 1962 1103 10
1975 1063 2007 1155 ξ

213 1149 440 1202 receptae
499 1140 817 1190 Cauchorum
876 1139 1134 1188 nationes:
1203 1139 1365 1188 omnis
1424 1156 1596 1188 eorum
1654 1139 1886 1188 iuuentus

213 1220 406 1270 infinita
428 1237 650 1280 numero,
678 1219 905 1270 inmensa
928 1219 1230 1283 corporibus,
1258 1219 1354 1268 situ
1378 1221 1602 1269 locorum
1627 1219 1884 1279 tutissima,

214 1301 402 1352 traditis
427 1301 574 1351 armis
599 1318 700 1350 una
724 1318 838 1350 cum
869 1301 1080 1351 ducibus
1113 1300 1214 1350 suis
1247 1310 1416 1364 saepta
1443 1301 1649 1364 fulgenti
1680 1310 1888 1350 armato-

214 1399 311 1446 que
336 1382 548 1433 militum
585 1391 864 1431 nostrorum
900 1382 1097 1445 agmine
1131 1390 1246 1431 ante
1282 1381 1587 1445 imperatoris
1623 1381 1887 1445 procubuit
1981 1443 1987 1451 Α

173 1490 192 1517 2
215 1463 441 1512 tribunal.
528 1462 667 1512 fracti
706 1462 1034 1526 Langobardi,
1072 1480 1192 1526 gens
1229 1462 1377 1512 etiam
1415 1464 1663 1512 Germana
1697 1463 1887 1512 feritate
1913 1480 1962 1521 15

215 1544 423 1594 ferocior
440 1563 455 1605 3
512 1543 729 1607 denique
767 1546 904 1607 quod
945 1561 1220 1607 numquam
1261 1553 1407 1593 antea
1444 1561 1532 1607 spe
1570 1553 1884 1607 conceptum,

217 1627 403 1675 nedum
429 1642 577 1688 opere
602 1634 898 1688 temptatum
923 1634 1038 1685 erat,
1064 1627 1130 1674 ad
1162 1624 1704 1688 quadringentesimum
1737 1624 1889 1674 milia-

216 1706 343 1755 rium
389 1723 419 1756 a
461 1708 643 1756 Rheno
684 1723 842 1769 usque
885 1708 953 1757 ad
994 1708 1181 1755 flumen
1223 1706 1407 1766 Albim,
1451 1705 1538 1769 qui
1579 1707 1888 1755 Semnonum

219 1790 789 1851 Hermundurorumque
813 1789 937 1837 fines
962 1787 1274 1851 praeterfluit,
1304 1790 1563 1836 Romanus
1594 1804 1708 1836 cum
1738 1787 1888 1851 signis

170 1895 193 1933 3
218 1871 484 1932 perductus
510 1868 762 1919 exercitus.
837 1878 886 1918 et
911 1871 1088 1918 eadem
1113 1868 1237 1917 mira
1259 1867 1491 1917 felicitate
1516 1877 1565 1917 et
1590 1885 1707 1917 cura
1730 1868 1885 1929 ducis,
1915 1889 1966 1917 20

218 1960 498 2013 temporum
523 1967 725 2014 quoque
750 1949 1078 2010 obseruantia,
1106 1949 1288 2010 classis,
1317 1966 1445 2013 quae
1471 1949 1661 1999 Oceani
1687 1949 1890 1998 circum—

216 2031 534 2095 nauigauerat
575 2032 725 2092 sinus,
766 2032 830 2082 ab
868 2031 1093 2082 inaudito
1131 2041 1282 2096 atque
1319 2031 1574 2095 incognito
1614 2040 1730 2080 ante
1768 2032 1891 2080 mari

217 2113 422 2163 flumine
459 2113 578 2162 Albi
614 2114 865 2174 subuecta‚
903 2131 1007 2162 cum
1050 2113 1370 2177 plurimarum
1405 2112 1626 2177 gentium
1668 2112 1887 2174 uictoria,

275 2257 293 2282 1
327 2241 482 2296 εἰει-σή.
505 2244 679 2294 ingenio
701 2244 942 2296 celebrique
968 2245 1146 2294 {nge—naza
1168 2244 1389 2283 consulatu
1409 2243 1452 2281 A
1479 2242 1568 2291 (ste)
1590 2258 1600 2282 ε
1639 2243 1754 2282 claro
1781 2244 1890 2282 cele-

216 2299 365 2349 brique
386 2312 502 2338 cons.
523 2298 566 2336 P
747 2312 772 2348 4
802 2303 839 2337 et
860 2311 908 2337 10
947 2312 1059 2348 pene
1078 2299 1121 2337 A
1218 2298 1426 2338 extructis
1445 2297 1559 2336 AP:
1588 2298 1676 2337 obs.
1705 2296 1891 2337 Gelenius

216 2365 241 2403 5
272 2354 324 2392 ad
346 2354 523 2394 tutelam
550 2353 744 2403 imperii:
780 2366 878 2392 eum
904 2353 1001 2403 ΑΡ,
1025 2367 1174 2403 sequor
1194 2353 1327 2392 Vossii
1345 2353 1663 2391 distinctionem:
1692 2357 1736 2390 at
1756 2353 1890 2392 tutela

217 2410 245 2448 i.
268 2421 365 2448 eum
385 2422 425 2448 ιι.
463 2409 491 2447 i.
527 2408 697 2447 reduxit
725 2407 907 2458 Lipsius,
929 2408 1046 2458 prob.
1077 2408 1200 2447 Kritz
1238 2413 1275 2447 et
1300 2407 1438 2446 Halm
1657 2406 1749 2445 initi
1774 2406 1889 2447 AP:

222 2463 353 2502 ‘alias
383 2463 496 2501 ueris
516 2463 662 2501 initio’
683 2461 917 2502 Rhenanus
1079 2465 1107 2501 6
1138 2463 1298 2512 Lupiae
1317 2460 1484 2512 Lipsius
1588 2474 1610 2510 7
1639 2461 1832 2511 hyberna
1851 2461 1895 2500 P

216 2518 242 2556 8
271 2518 314 2555 in
348 2516 572 2572 sequentia
601 2519 641 2557 A
850 2529 900 2554 10
929 2522 993 2556 est
1022 2517 1094 2556 del.
1132 2517 1266 2568 HereI,
1305 2515 1521 2555 Gudeman
1645 2513 1822 2567 ssgentes
1842 2515 1885 2553 A

222 2586 271 2611 12
301 2572 468 2610 infinito
487 2571 530 2609 A
645 2571 852 2610 immensa
870 2571 914 2609 P
1019 2572 1274 2611 tutissimam
1295 2570 1474 2609 traditus
1498 2571 1613 2621 (corr.
1637 2571 1678 2608 in
1701 2571 1886 2618 traditis)

217 2626 259 2665 A
471 2639 521 2676 13
550 2632 673 2676 septa
700 2625 790 2664 ΑΡ
994 2637 1042 2675 15
1075 2626 1344 2676 Langobardi
1380 2624 1448 2663 B:
1498 2625 1766 2674 Longobardi
1803 2623 1894 2662 ΑΡ

218 2694 328 2732 gene
348 2680 391 2718 A
568 2683 618 2719 16
646 2686 748 2719 ante
767 2680 884 2730 alpes
905 2680 996 2729 del„
1018 2680 1108 2719 dein
1126 2687 1328 2732 suprascr.
1351 2685 1477 2718 antea
1497 2692 1596 2729 spes
1614 2679 1657 2717 A
1838 2692 1887 2728 17

218 2741 427 2774 tentatum
445 2734 535 2773 ΑΡ
614 2735 1046 2785 quadrigentesimum
1064 2735 1107 2773 A
1252 2736 1302 2774 18
1330 2733 1472 2772 Aibim
1494 2733 1537 2771 A
1625 2733 1887 2772 Semnonum

219 2790 445 2836 Puteanus,
473 2790 518 2839 cf.
551 2789 669 2829 Mon.
687 2789 843 2839 Ancyr.
867 2803 906 2829 v.
931 2803 978 2838 17
1008 2789 1271 2828 Mommsen:
1316 2789 1536 2828 Senonum
1556 2787 1647 2826 ΑΡ
1838 2801 1889 2838 19

221 2844 703 2894 Hermundurorumque
732 2843 869 2882 Miller
886 2843 1029 2896 (1756)
1052 2857 1061 2882 x
1097 2844 1528 2892 Hermundorumque
1557 2842 1647 2881 ΑΡ
1834 2855 1888 2881 2ο

220 2900 367 2937 eadem
387 2899 535 2938 Kritz:
576 2900 727 2939 eodem
755 2898 844 2936 ΑΡ
988 2898 1072 2938 sael.
1094 2898 1137 2936 A
1362 2910 1414 2936 22
1444 2897 1573 2936 maris
1602 2896 1774 2935 flumine
1802 2896 1885 2935 labi

219 2953 260 2990 A
430 2966 482 3002 23
504 2966 599 2992 cum
616 2953 774 2992 addzdz':
804 2957 925 3003 parta
940 2953 1033 2993 add.
1051 2953 1187 2991 Halm
1276 2952 1428 2991 uictori
1448 2951 1676 2990 Burmann
1693 2969 1702 2991 z
1735 2951 1887 2990 uictrix

220 3006 423 3099 Mcgduzjg:
458 3013 555 3057 post
574 3008 629 3058 pl.
652 3020 689 3057 g.
715 3007 938 3047 uictoriam
966 3007 1272 3059 Freudenberg:
1307 3020 1331 3045 a
1350 3007 1405 3057 pl.
1430 3018 1470 3055 g.
1494 3006 1671 3045 uictoria
1706 3006 1888 3045 Thomas

218 3066 255 3099 et
313 3062 492 3101 udeman

1006 3126 1083 3166 116

1989 3011 2009 3101 ἔ,

1989 3252 2009 3382 {-
