2014 3392
708 216 965 264 VELLEI
1004 217 1183 266 PATE
1190 217 1331 267 RCV
1334 218 1403 266 LI

227 352 466 416 Pompeio
505 353 653 403 moris
695 363 810 414 erat,
850 355 1048 403 redacta
1088 353 1139 402 in
1180 354 1452 418 quaestoris
1493 364 1788 418 potestatem
1824 373 1883 406 ac

225 433 435 498 publicis
461 434 704 498 descripta
727 434 910 484 litteris.
983 435 1118 498 Syria
1141 435 1378 499 aliaeque,
1399 453 1521 500 quas
1541 447 1882 500 occupauerat,

225 514 509 578 prouinciae
533 525 741 579 ereptae,
769 526 817 565 et
848 515 972 564 aliae
1003 516 1253 565 restitutae
1276 519 1463 580 populo
1489 520 1736 578 Romano,
1762 518 1886 567 aliae

226 606 330 644 tum
373 595 587 659 primum
628 596 678 645 in
715 597 819 646 eius
860 607 1155 660 potestatem
1194 599 1433 658 redactae,
1474 608 1528 647 ut
1569 598 1718 661 Syria,
1759 615 1887 662 quae

226 687 330 726 tum
355 677 569 740 primum
601 680 730 727 facta
767 688 839 727 est
872 678 1199 741 stipendiaria.
1272 679 1382 728 finis
1407 679 1581 743 imperi
1604 679 1705 743 regi
1728 679 1887 728 termi-

225 767 368 807 natus
393 758 639 807 Armenia.

137 840 202 898 38
295 841 450 888 Haud
485 840 755 889 absurdum
792 839 988 889 uidetur
1022 840 1261 903 propositi
1292 840 1453 904 operis
1489 843 1683 904 regulae
1718 840 1887 904 paucis

225 936 517 983 percurrere,
553 937 680 983 quae
716 920 955 984 cuiusque
990 923 1143 970 ductu
1178 938 1298 984 gens
1338 938 1398 970 ac
1432 922 1566 971 natio
1604 924 1803 971 redacta
1836 921 1887 970 in

225 1003 487 1050 formulam
519 1001 804 1063 prouinciae
838 1001 1155 1064 stipendiaria
1188 1005 1317 1051 facta
1351 1002 1426 1062 sit,
1452 1003 1642 1052 facilius
1674 1012 1728 1052 ut
1760 1019 1888 1066 quae

181 1099 200 1126 2
225 1082 444 1146 partibus
469 1082 765 1143 notauimus‚
784 1082 930 1131 simul
954 1083 1183 1132 uniuersa
1198 1083 1419 1146 conspici
1432 1084 1635 1147 possint.
1702 1084 1888 1148 primus

226 1164 277 1212 in
297 1163 511 1212 Siciliam
527 1163 714 1212 traiecit
733 1163 998 1212 exercitum
1015 1166 1189 1213 consul
1206 1164 1457 1225 Claudius,
1476 1166 1564 1214 sed
1582 1165 1889 1228 prouinciam

228 1262 336 1294 eam
368 1254 481 1308 post
515 1262 673 1294 annos
709 1247 861 1294 ferme
898 1260 967 1293 L11
1005 1245 1160 1309 captis
1190 1245 1438 1309 Syracusis
1473 1246 1588 1295 fecit
1626 1249 1890 1296 Marcellus

230 1326 481 1377 Claudius.
553 1326 739 1389 primus
764 1326 981 1376 Africam
1008 1328 1238 1389 Regulus¹
1253 1343 1389 1375 nono
1412 1328 1565 1376 ferme
1588 1344 1722 1376 anno
1745 1327 1889 1390 primi

230 1407 404 1457 Punici
428 1407 545 1456 belli
569 1446 579 1456 .
609 1446 618 1456 .
647 1446 658 1456 .
682 1425 696 1468 3
732 1409 820 1457 sed
843 1417 956 1470 post
981 1413 1008 1457 †
1029 1422 1174 1456 cc1111
1199 1424 1357 1457 annos
1383 1410 1435 1456 P.
1464 1407 1630 1471 Scipio
1662 1407 1892 1457 Aemilia-

229 1507 322 1538 nus
363 1498 500 1538 eruta
538 1489 834 1552 Carthagine
871 1488 1054 1538 abhinc
1089 1506 1246 1538 annos
1286 1491 1312 1544 †
1330 1503 1548 1538 CLXXXII
1585 1488 1804 1538 Africam
1839 1489 1890 1538 in

230 1572 490 1620 formulam
532 1569 719 1632 redegit
772 1569 1078 1633 prouinciae-
1143 1569 1367 1619 Sardinia
1412 1569 1538 1619 inter
1582 1569 1796 1633 primum
1843 1579 1893 1620 et

231 1654 505 1701 secundum
531 1652 716 1700 bellum
742 1651 986 1700 Punicum
1011 1653 1164 1700 ductu
1188 1653 1246 1699 T.
1277 1651 1435 1700 Manli
1459 1651 1675 1701 consulis
1704 1661 1892 1701 certum

183 1751 204 1787 3
230 1733 414 1796 recepit
449 1732 623 1795 imperi
658 1732 840 1795 iugum.
913 1732 1114 1780 inmane
1149 1731 1355 1780 bellicae
1392 1731 1603 1781 ciuitatis
1639 1749 1894 1796 argumen-

230 1825 351 1875 tum,
379 1815 516 1878 quod
541 1815 693 1862 semel
718 1814 810 1862 sub
835 1813 1044 1876 regibus,
1070 1812 1247 1862 iterum
1265 1814 1363 1862 hoc
1378 1815 1435 1862 T.
1457 1813 1648 1863 Manlio
1673 1815 1891 1874 consule,

230 1896 373 1946 tertio
420 1898 645 1959 Augusto
698 1894 918 1958 principe
964 1904 1125 1944 certae
1170 1894 1305 1957 pacis
1351 1904 1694 1958 argumentum
1743 1897 1894 1945 Ianus

180 1994 206 2031 4
232 1978 456 2043 geminus
481 1980 675 2027 clausus
700 1977 850 2026 dedit.
923 1976 974 2025 in
1001 1976 1270 2040 Hispanias
1294 1976 1439 2039 primi
1463 1976 1687 2026 omnium
1712 1978 1894 2027 duxere

291 2125 309 2150 1
342 2111 512 2150 redacta
532 2110 583 2148 ad
604 2115 874 2159 quaestorem
888 2107 1095 2147 Ruhnken
1217 2120 1243 2146 2
1271 2120 1376 2156 quas
1394 2106 1460 2147 P:
1487 2120 1598 2158 quae
1616 2106 1660 2145 A
1773 2121 1894 2147 occu·

234 2170 440 2217 pauerant
459 2164 556 2214 AP,
578 2177 654 2204 em.
682 2163 867 2203 Gelenius
954 2175 980 2212 3
1002 2169 1045 2202 et
1059 2161 1172 2201 AP:
1202 2162 1239 2200 ei
1261 2161 1467 2222 Ruhnken
1577 2173 1602 2212 5
1631 2161 1737 2212 regii
1767 2162 1896 2202 Hein-

233 2263 346 2301 sius:
376 2260 466 2310 regi
495 2259 585 2298 ΑΡ
715 2274 743 2311 9
772 2259 985 2309 prouintie
1013 2257 1055 2296 A
1151 2227 1412 2308 stipendiam
1434 2259 1522 2310 (sic)
1624 2265 1749 2309 pacta
1776 2259 1831 2298 sit
1850 2257 1893 2296 A

233 2317 306 2355 sed
337 2317 381 2355 in
420 2328 552 2366 marg.
593 2314 696 2354 alias
739 2315 800 2353 ria
840 2314 978 2353 facta:
1029 2313 1243 2363 stipendia
1283 2318 1407 2363 pacta
1444 2315 1499 2351 sit
1534 2312 1578 2351 P
1656 2314 1897 2352 notauimus

234 2372 398 2411 facilius
436 2375 482 2408 ut
518 2383 630 2419 quae
664 2369 767 2419 (que
800 2368 867 2421 A)
901 2368 1089 2419 partibus
1122 2366 1220 2419 ΑΡ,
1256 2367 1329 2406 sed
1360 2367 1592 2407 Rhenanus
1627 2368 1726 2408 adn.
1771 2368 1897 2407 ‘alias

236 2426 477 2465 notabimus
511 2430 559 2464 ut
592 2423 756 2463 facilius
791 2437 815 2462 e
849 2423 1061 2472 partibus'
1117 2421 1334 2461 Acidalius
1366 2435 1463 2462 corr.
1493 2427 1539 2460 ut
1566 2435 1677 2472 quae
1706 2423 1898 2473 partibus
1978 2458 1984 2470 ,⁴

237 2481 487 2530 notabimus,
512 2479 675 2518 facilius
693 2483 731 2517 et
747 2479 804 2517 sic
828 2478 984 2530 Haase,
1009 2477 1092 2516 nisi
1106 2477 1220 2527 quod
1246 2477 1408 2515 retinuit
1433 2477 1675 2516 notauimus
1696 2491 1705 2516 ε
1734 2477 1897 2517 facilius

236 2541 283 2574 ut
306 2536 379 2586 (sic
395 2535 482 2573 iam
507 2533 639 2583 Voss),
663 2545 772 2583 quae
792 2532 983 2583 partibus
1004 2532 1247 2571 notauimus
1268 2531 1398 2570 Bothe
1415 2535 1452 2570 et
1476 2531 1658 2570 Thomas
1850 2544 1894 2570 11

236 2599 349 2643 ἶόἓ
369 2602 411 2640 Α
430 2616 439 2642 :
470 2601 594 2641 COS.
614 2600 658 2639 P
761 2606 830 2640 set
849 2600 1038 2651 Sauppe:
1069 2600 1146 2639 sed
1165 2599 1400 2638 Mommsen
1417 2612 1425 2638 :
1455 2605 1498 2638 et
1517 2598 1607 2637 ΑΡ
1747 2612 1796 2638 12
1825 2612 1898 2640 LXI

239 2658 327 2711 del„
352 2657 440 2696 dein
461 2669 520 2695 L11
540 2655 581 2693 A
708 2655 950 2694 Marcellius
969 2654 1011 2691 A
1183 2666 1231 2702 13
1259 2654 1420 2703 primus
1440 2655 1483 2692 in
1503 2653 1690 2693 Africam
1714 2654 1900 2693 Gelenius

242 2727 290 2762 14
320 2724 548 2762 aggressus
568 2715 633 2749 est
651 2710 855 2761 suppleuit
870 2709 1008 2748 Halm
1110 2709 1187 2747 sed
1208 2708 1273 2748 P:
1301 2721 1349 2747 se
1368 2707 1410 2745 A
1497 2721 1615 2748 ccnn
1634 2707 1746 2747 AP:
1775 2721 1898 2748 cv1111

239 2768 404 2818 Bipont.
427 2781 436 2805 :
467 2778 554 2804 cvn
575 2765 761 2803 Laurent
899 2774 947 2812 15
974 2763 1130 2802 Annos
1149 2763 1201 2801 ab
1221 2763 1289 2801 hIc
1309 2775 1447 2801 annos
1465 2763 1508 2800 A
1534 2763 1622 2815 (sic)
1721 2775 1898 2802 CLXXXII
1975 2770 1979 2811 j

240 2821 351 2861 AP:
391 2833 537 2860 eLxxn
566 2820 687 2858 Kritz
852 2819 901 2857 18
929 2818 1080 2868 imperi
1108 2817 1151 2855 A
1173 2832 1182 2857 ε
1223 2817 1388 2867 imperii
1416 2816 1459 2855 P
1622 2830 1671 2867 19
1699 2818 1834 2856 semel
1862 2816 1905 2855 P

241 2876 285 2914 in
308 2875 349 2913 A
381 2876 509 2914 littera
537 2873 710 2912 secunda
737 2873 844 2911 mihi
859 2873 999 2924 potius
1026 2873 1066 2912 c⁰
1092 2872 1183 2910 uisa
1205 2875 1276 2923 est,
1299 2870 1362 2910 sc⁰
1382 2871 1406 2909 Γ
1426 2886 1436 2910 :
1465 2872 1611 2910 iterum
1634 2872 1859 2923 inspicienti
1874 2885 1899 2911 e

243 2930 515 2981 neglegentius
520 2929 638 2978 sacta
658 2928 796 2966 habila
810 2931 868 2966 est
884 2927 960 2966 sel'
1125 2939 1178 2965 20
1206 2926 1334 2965 tertio
1354 2925 1396 2963 A
1415 2940 1424 2966 t
1453 2928 1506 2964 fii
1524 2925 1588 2966 P:
1618 2932 1684 2966 ter
1709 2926 1900 2966 Wilhelm
1976 2917 1994 2971 ,ζ

242 2985 464 3022 secundum
497 2983 611 3022 Mon.
649 2982 803 3032 Ancyr.
831 2995 868 3033 2,
901 2994 926 3031 5
963 2982 1158 3021 Momms.
1191 2985 1229 3019 et
1255 2980 1369 3020 Suet.
1396 2979 1513 3030 Aug.
1544 2993 1596 3020 22
1773 2981 1900 3022 Ianus

244 3039 440 3090 geminus
459 3037 526 3078 P:
557 3036 700 3077 lanius
721 3037 940 3076 Geminius
959 3036 1000 3074 A
1022 3050 1032 3074 z
1062 3035 1197 3075 ianius
1216 3035 1424 3085 geminius
1443 3035 1484 3075 Β

1043 3142 1095 3196 56

1911 660 2014 742 5}³}

1918 1098 1965 1127 10

1919 1915 1970 1945 20
