2014 3392
796 254 1014 304 LIBER
1049 256 1104 304 11

115 390 472 444 †historiarum
497 408 558 442 ex
586 394 689 443 alto
704 398 734 445 †
757 393 993 454 redditur,
1018 393 1071 444 in
1098 411 1159 444 ea
1185 394 1390 459 iugulati
1420 396 1544 447 ciuis
1570 397 1788 448 Romani

114 472 314 538 publice
353 472 734 523 constitueretur
765 484 1210 537 auctoramentum,
1235 476 1606 542 plurimumque
1640 480 1790 529 habe-

114 565 201 615 ret,
240 554 326 618 qui
372 554 611 618 plurimos
648 555 990 618 interemisset,
1033 573 1199 622 neque
1239 558 1392 608 occisi
1432 559 1588 609 hostis
1636 577 1787 625 quam

46 646 63 699 ζ
114 634 237 685 ciuis
283 635 484 686 uberius
529 638 655 687 foret
707 637 999 701 praemium,
1048 639 1286 703 fieretque
1336 639 1549 705 quisque
1598 659 1788 693 merces

12 759 14 774 ,
43 704 90 790 {2
114 716 284 767 mortis
308 734 439 767 suae.
511 735 606 768 nec
630 729 823 769 tantum
851 719 903 769 in
935 736 1037 781 eOS,
1064 720 1150 785 qui
1182 731 1355 771 contra
1390 739 1528 772 arma
1558 725 1784 785 tulerant,
1811 751 1838 789 4

11 799 15 827 ²
45 806 57 847 l
112 800 203 849 sed
225 798 277 848 in
307 801 490 849 multos
521 799 731 850 insontis
769 800 1027 851 saeuitum.
1099 801 1350 852 adiectum
1383 803 1547 865 etiam,
1574 814 1629 853 ut
1653 805 1788 854 bona

21 871 59 942 ς’·
112 880 499 945 proscriptorum
546 882 774 932 uenirent
821 883 1106 948 exclusique
1153 884 1370 948 paternis
1417 885 1598 949 opibus
1646 886 1787 937 liberi

27 964 36 998 2
111 960 261 1011 etiam
298 964 629 1025 petendorum
670 965 919 1014 honorum
960 964 1065 1015 iure
1101 965 1482 1030 prohiberentur
1521 967 1784 1033 simulque,

31 1055 33 1057 ’
112 1044 251 1108 quod
296 1043 696 1108 indignissimum
738 1057 826 1108 est,
866 1057 1151 1098 senatorum
1192 1047 1279 1098 filii
1320 1058 1370 1099 et
1410 1066 1562 1100 onera
1598 1050 1786 1102 ordinis

30 1163 40 1194 .·
73 1155 78 1161 ·
110 1123 408 1175 sustinerent
431 1135 481 1175 et
502 1125 610 1176 iura
632 1128 907 1191 perderent.

31 1255 33 1259 ,
177 1207 283 1258 Sub
316 1209 592 1258 aduentum
627 1209 679 1259 in
716 1210 912 1260 Italiam
950 1213 1004 1260 L.
1032 1213 1198 1262 Sullae
1234 1213 1327 1264 Cn.
1356 1213 1639 1277 Pompeius,
1678 1214 1784 1266 eius
1809 1235 1881 1285 29

24 1285 33 1338 ’Ῐ
109 1289 204 1340 Cn.
231 1288 440 1352 Pompei
465 1289 608 1351 filius,
634 1307 786 1355 quem
810 1291 1322 1356 magnificentissimas
1346 1311 1422 1343 res
1446 1293 1498 1343 in
1522 1298 1785 1346 consulatu

22 1372 34 1428 ,⁴
108 1369 317 1435 gessisse
335 1370 469 1421 bello
489 1371 707 1422 Marsico
724 1373 1071 1437 praediximus,
1089 1389 1226 1423 xxm
1246 1391 1407 1425 annos
1426 1385 1584 1437 natuS‚
1602 1377 1787 1428 abhinc

109 1467 270 1501 annos
293 1466 424 1501 cxrn
442 1451 645 1516 priuatis
669 1463 724 1503 ut
747 1454 942 1518 opibuS,
963 1454 1031 1505 ita
1049 1455 1267 1506 consiliis
1291 1473 1472 1520 magna
1488 1474 1637 1508 ausus
1657 1475 1788 1523 mag-

18 1530 40 1578 ἲ.
62 1565 65 1582 1
113 1531 360 1597 nificeque
376 1544 557 1583 conata
574 1545 848 1597 exsecutus,
868 1538 935 1586 ad
953 1536 1310 1587 uindicandam
1329 1538 1788 1604 restituendamque

17 1594 43 1672 ᾖ
109 1613 402 1679 dignitatem
426 1615 612 1679 patriae
636 1617 833 1666 firmum
858 1634 918 1667 ex
940 1634 1059 1682 agro
1078 1617 1279 1679 Picen0,
1301 1618 1387 1683 qui
1412 1628 1545 1670 totus
1569 1621 1786 1684 paternis

17 1716 25 1762 '2
107 1695 215 1749 eius
245 1696 487 1747 clientelis
518 1698 723 1748 refertus
755 1709 872 1760 erat,
898 1699 1141 1750 contraxit
1173 1700 1471 1750 exercitum:
1521 1701 1662 1752 cuius
1694 1702 1786 1752 uiri
1811 1721 1831 1748 2

108 1777 400 1842 magnitudo
437 1781 707 1829 multorum
744 1781 1059 1831 uoluminum
1096 1781 1249 1832 instar
1289 1782 1450 1847 exigit,
1490 1785 1580 1833 sed
1621 1783 1784 1848 operis

16 1907 22 1923 ‚
109 1860 291 1909 modus
328 1860 499 1924 paucis
536 1877 648 1911 enm
686 1861 869 1912 narrari
906 1862 1058 1913 iubet.
1131 1863 1222 1913 fuit
1263 1863 1346 1914 hic
1385 1864 1580 1928 genitus
1629 1875 1785 1916 matre

16 1925 36 1983 '¹-
72 1972 77 1979 -
111 1941 302 1991 Lucilia
332 1942 495 2007 stirpis
530 1943 819 2006 senatoriae,
846 1946 1006 1995 forma
1036 1947 1296 2007 excellens,
1323 1963 1427 1996 non
1459 1963 1532 2007 ea,
1559 1963 1659 2011 qua
1690 1949 1783 1998 flos

16 2048 21 2060 ·
107 2025 488 2074 commendatur
535 2024 724 2086 aetatiS,
773 2027 863 2076 sed
914 2043 974 2076 ex
1020 2026 1259 2091 dignitate
1305 2027 1685 2093 constantiaque
1731 2029 1782 2079 in

106 2101 240 2154 illam
288 2104 622 2156 conueniente
667 2106 1050 2171 amplitudinem
1098 2125 1227 2173 quae
1273 2110 1522 2159 fortunam
1564 2110 1670 2161 eius
1717 2114 1783 2162 ad

106 2185 335 2236 ultimum
368 2186 500 2236 uitae
531 2186 768 2237 comitata
803 2198 879 2238 est
909 2188 1059 2250 diem,
1086 2189 1374 2240 innocentia
1396 2191 1619 2253 eximiuS,
1646 2210 1784 2243 sanc·
1808 2214 1831 2253 3

16 2278 22 2316 τ
105 2265 244 2318 titate
266 2267 576 2333 praecipuuS,
602 2269 890 2334 eloquentia
912 2270 1122 2332 medius,
1139 2272 1407 2336 potentiae,
1428 2289 1558 2337 quae
1577 2275 1782 2326 honoris

162 2409 181 2438 ι
212 2398 498 2439 historiar-'ium
529 2397 596 2440 P:
629 2399 902 2441 historiarum
931 2399 1047 2442 AB:
1086 2402 1283 2442 histrioni
1313 2402 1524 2445 Gelenius:
1565 2404 1781 2446 histrioni-

104 2464 247 2493 camm
273 2451 469 2505 Popma:
492 2453 597 2504 sort.
628 2454 825 2495 histrioni
854 2455 1103 2496 iniuriarum
1137 2458 1404 2505 (iniuriarum
1434 2458 1521 2497 iam
1549 2458 1776 2513 Pithoeus),

105 2506 173 2547 ml
186 2507 381 2548 histrioni
410 2508 794 2550 extraordinarium
950 2523 1005 2550 ex
1026 2511 1111 2552 alto
1131 2511 1245 2553 AP:
1285 2513 1456 2553 exoleto
1483 2512 1693 2557 Gelenius:
1725 2530 1779 2556 ex

16 2582 18 2588 ·
104 2561 203 2603 albo
234 2561 441 2615 Pithoeus,
478 2562 660 2616 Lipsius,
693 2563 957 2607 Mommsen:
1002 2572 1156 2607 exacto
1189 2566 1398 2608 Ruhnken
1593 2569 1778 2611 Romani

16 2614 19 2667 [
103 2616 270 2669 publice
298 2616 539 2659 Puteanus:
571 2617 624 2659 R.
656 2618 838 2670 publicae
856 2619 928 2662 A:
972 2620 1095 2672 Reip.
1126 2620 1171 2661 P
1329 2634 1356 2673 5
1385 2628 1547 2663 tantum
1575 2623 1779 2667 Vrsinus:

16 2676 19 2684 ·
103 2676 249 2713 tamen
282 2670 374 2712 ΑΡ
552 2685 581 2724 9
611 2672 668 2713 fili
688 2673 731 2713 A
933 2687 983 2716 ιο
1012 2676 1205 2729 Pompeii
1225 2675 1269 2716 P
1419 2678 1642 2719 consulatu
1663 2679 1779 2722 BA:

35 2789 38 2795 ⁴
103 2746 255 2781 uenatu
282 2739 327 2781 Ρ
508 2753 557 2793 ¹3
586 2754 696 2783 xxm
725 2742 799 2784 A:
832 2755 957 2785 xxm.
984 2743 1029 2784 Ρ
1164 2758 1214 2796 ¹4
1242 2757 1348 2785 cxrn
1377 2745 1450 2787 A:
1480 2740 1602 2789 c—xffi.
1629 2746 1695 2789 P:
1724 2761 1779 2789 cx

66 2838 67 2843 ,
102 2793 226 2835 Kritz
376 2806 424 2846 15
453 2809 575 2838 exec.
595 2796 687 2837 ΑΡ
838 2800 888 2838 16
915 2799 1084 2851 picaeno
1103 2799 1194 2841 del..
1215 2799 1307 2841 dein
1329 2806 1532 2853 suprascr.
1557 2803 1712 2853 piceno
1731 2803 1774 2842 A

106 2859 159 2901 19
184 2862 279 2891 eam
311 2848 481 2891 Halm:
523 2864 622 2892 eum
656 2850 747 2891 ΑΡ
948 2866 997 2894 21
1034 2868 1090 2895 ex
1119 2853 1211 2894 AP
1347 2857 1674 2908 constantiaque
1710 2856 1778 2899 P:

102 2904 369 2956 contientiaq.
407 2912 607 3000 γ’νων.
650 2907 903 2959 costantinq.
936 2908 980 2948 A
1167 2922 1221 2950 22
1250 2910 1535 2951 conueniente
1565 2912 1775 2954 Laurent:

103 2959 371 3000 conueniens
463 2959 507 3000 Ρ
519 2975 530 3002 :
586 2962 910 3013 constantian
952 2976 1064 3015 quae
1108 2964 1134 3006 i.
1181 2965 1205 3005 i.
1249 2965 1517 3006 conueniens
1552 2966 1696 3007 Aldus
1739 2972 1778 3007 et

108 3010 310 3067 Wopkm
515 3028 629 3067 quae
672 3016 882 3058 fortunam
926 3017 1132 3060 Launnt:
1201 3018 1499 3071 fortunamque
1545 3020 1642 3069 ΑΡ,
1687 3021 1779 3062 uide

29 3062 36 3076 ⁴
101 3065 283 3163 :sm
307 3068 493 3164 ἔφη.
518 3070 560 3114 ii.
590 3084 631 3124 p.
653 3083 735 3124 3⁰²
926 3073 1021 3114 eius
1048 3072 1140 3114 ΑΡ
1354 3087 1407 3126 23
1437 3074 1631 3116 ultimum
1659 3076 1776 3119 BA:

908 3202 964 3247 47
