2014 3444
0 0 78 292 ,2

6 300 59 418 3-

0 456 17 526 Ξ

706 234 1203 284 PROLEGOMEN
1204 236 1253 283 A

144 377 342 424 uerbum
363 376 553 439 quidem
576 371 894 424 intellexirsess·
927 375 1044 424 adeo
1067 376 1232 424 omnia
1254 381 1401 424 erant
1425 376 1621 438 conficsa
1645 377 1818 439 absque

144 465 261 513 ullis·
269 465 470 528 punctis
490 470 585 512 aut
601 464 993 512 dtktt'nctt'om‘bus.
1073 464 1219 526 Quod
1246 465 1296 513 si
1314 470 1367 512 tu
1398 465 1539 513 scires
1567 482 1714 528 quam
1738 482 1817 529 ego

141 553 410 602 laborarint
459 553 514 601 in
558 552 657 600 hiis
692 551 994 614 fragmentzk
1037 558 1273 615 utcunque
1318 553 1637 615 restituendtk,
1685 556 1819 603 credo

126 641 364 705 fateberis
385 647 428 690 te
450 642 579 690 mihi
595 657 691 690 non
715 642 849 690 nihil
863 642 1035 690 debere.
1100 642 1271 704 lVeque
1292 643 1418 691 enim
1441 643 1559 705 quia
1584 649 1636 691 tu
1662 646 1818 691 multa

141 730 315 792 absque
345 729 598 792 offensione
629 730 757 792 legis,
795 731 967 778 idcino
999 731 1142 778 codex
1161 732 1354 794 planus
1386 737 1526 780 erat:
1559 731 1657 780 imo
1691 733 1826 780 nihil

139 823 251 867 erat
286 834 383 866 non
422 819 745 881 deprauatum
761 838 780 867 .·
829 818 883 866 in
919 819 1127 881 singulis
1152 827 1279 882 pene
1315 819 1473 867 uerbis
1511 819 1814 868 haerebatur.

139 907 449 955 Fatebuntur
498 923 570 955 me
623 923 741 955 uera
794 907 956 968 dicere,
1010 908 1276 970 quicunque
1333 913 1573 956 uetustum
1623 909 1816 957 codicem

137 995 448 1059 inspexen'nt,
474 996 566 1058 qui
594 996 647 1044 in
670 997 990 1044 Murbacensi
1017 997 1290 1045 bibliotheca
1325 997 1486 1045 adhuc
1516 1003 1815 1046 asseruatur.

140 1084 375 1134 Eundem
401 1083 541 1133 breui
564 1094 679 1147 post
706 1087 718 1110 ‘
734 1083 1078 1134 semilacerum
1094 1086 1105 1107 ’
1130 1083 1264 1134 dicit.
1327 1086 1447 1135 Non
1471 1084 1617 1149 igitur
1635 1085 1815 1135 mirum

140 1171 183 1222 si
205 1171 429 1236 quinque
456 1189 617 1222 annos
651 1174 927 1223 Rhenanus
953 1173 1299 1239 (1515-1520)
1331 1176 1582 1238 parandae
1609 1174 1818 1225 editioni

137 1259 435 1324 insumpsit:
483 1260 716 1310 nimirum
752 1272 803 1311 et
838 1261 1041 1312 mutilus
1076 1264 1237 1312 codex
1276 1272 1326 1312 et
1362 1262 1528 1312 uerbis
1561 1265 1691 1313 male
1723 1263 1819 1313 dis-

137 1348 304 1399 tractis
344 1349 436 1398 fuit
467 1359 518 1399 et
558 1349 756 1414 punctis
797 1352 879 1400 uel
914 1350 1235 1401 distinctione
1275 1351 1446 1412 caruit,
1483 1362 1539 1401 ut
1580 1351 1817 1402 credibile

137 1436 201 1487 sit
226 1438 530 1487 Rhenanum
565 1455 669 1488 non
705 1438 800 1488 nisi
835 1438 1032 1503 saepius
1069 1455 1318 1503 perpenso
1353 1439 1460 1489 siue
1495 1439 1605 1503 ipso
1641 1439 1818 1490 codice

136 1524 245 1576 siue
283 1525 444 1591 (quod
485 1526 641 1590 magis
688 1526 818 1591 reor)
865 1529 1154 1591 apographo
1201 1527 1307 1577 eius
1355 1528 1520 1578 uisum
1567 1528 1662 1578 sibi
1709 1546 1818 1579 esse

137 1630 307 1664 ueram
343 1614 589 1664 Paterculi
625 1615 923 1665 sententiam
964 1618 1265 1666 enucleasse.
1341 1616 1641 1681 Diligentius
1683 1617 1818 1667 enim

135 1718 240 1753 rem
282 1702 440 1767 egisse
479 1713 616 1767 patet
662 1721 723 1753 ex
762 1703 916 1768 ipsius
954 1704 1241 1755 testimonio
1283 1707 1421 1770 quod
1459 1723 1607 1770 supra
1647 1706 1822 1768 attuli,

135 1807 252 1842 cum
299 1791 434 1842 enim
469 1794 720 1857 exemplar
765 1792 958 1843 codicis
1000 1793 1255 1844 habuisset
1301 1796 1363 1843 ab
1399 1796 1550 1844 amico
1587 1797 1678 1845 sed
1702 1805 1821 1860 pro—

122 1889 366 1947 peranter
395 1883 695 1946 desmjotum,
739 1884 838 1932 hoc
878 1900 982 1932 non
1021 1892 1286 1933 contentus
1328 1883 1497 1934 statuit
1544 1884 1817 1935 editionem

135 1986 359 2036 premere
399 1972 564 2021 donec
605 1971 781 2022 melior
819 1971 1103 2036 proueniret
1144 1974 1304 2022 codex
1345 1989 1496 2037 quem
1540 1973 1820 2024 Mediolani

135 2075 245 2110 esse
266 2060 500 2110 audisset.
574 2061 691 2123 Qua
714 2077 803 2124 spe
827 2062 1082 2125 deceptuS,
1108 2078 1224 2111 cum
1250 2078 1344 2111 nec
1370 2061 1649 2112 Mediolani
1667 2064 1817 2113 talem

135 2165 230 2199 nec
268 2166 300 2199 a
342 2151 538 2200 Merula
577 2160 826 2214 repertum
867 2167 977 2201 esse
1017 2150 1350 2213 intellexisset,
1394 2152 1571 2217 quinto
1612 2155 1816 2203 tandem

133 2253 269 2288 anno
292 2239 370 2288 ed.
397 2238 672 2303 principem
699 2239 923 2290 Basileae
946 2239 1181 2304 uulgauit.

203 2328 447 2378 Nondum
480 2327 617 2378 edito
659 2327 786 2378 libro
823 2327 1000 2379 notitia
1023 2329 1212 2379 codicis
1244 2340 1538 2394 peruenerat
1560 2332 1627 2381 ad
1651 2334 1818 2382 Auen-

108 2437 111 2442 *
134 2413 295 2466 tinum
321 2416 625 2482 (Iohannem
650 2416 917 2482 Turmair),
943 2419 1224 2467 Annalium
1242 2420 1483 2468 Boiorum
1508 2419 1813 2484 scriptorem,

100 2541 105 2547 -
133 2503 341 2555 fortasse
374 2505 441 2555 ab
474 2506 739 2566 Rhenan0‚
766 2505 908 2556 cuius
932 2505 973 2556 is
1006 2506 1380 2571 condiscipulus
1413 2508 1610 2559 Parisiis
1642 2510 1813 2560 fuerat.

135 2593 267 2643 Nam
316 2610 419 2644 non
466 2596 628 2644 solum
677 2594 804 2645 inter
848 2605 1077 2646 auctores
1119 2596 1484 2648 Chronicorum
1532 2598 1816 2650 Auentinus

137 2682 451 2733 Paterculum
486 2685 665 2748 allegat
702 2684 880 2749 (Praef.
917 2683 999 2734 lib.
1033 2702 1058 2734 2
1086 2687 1218 2735 Ann.
1250 2685 1465 2736 Rietzler
1493 2688 1551 2736 T.
1588 2686 1634 2737 ii.
1667 2704 1715 2752 p.
1747 2687 1812 2754 2),

134 2771 225 2822 ted
249 2770 368 2836 ipsis
392 2771 558 2822 uerbis
576 2772 835 2834 Paterculi,
861 2790 991 2838 quae
1016 2790 1133 2824 mox
1149 2775 1425 2825 Rhenanus
1449 2774 1671 2827 editurus
1695 2787 1813 2838 erat,
1872 2832 1883 2842 ,

136 2861 412 2913 Pannonici
432 2862 548 2914 belli
567 2863 760 2925 seriem,
781 2864 967 2915 deinde
985 2865 1103 2916 Vari
1126 2882 1187 2916 ac
1204 2867 1545 2917 Romanarum
1562 2868 1814 2933 legionum

134 2950 329 3003 cladem
368 2953 583 3004 narrauit
630 2953 883 3018 (Rietzler,
933 2953 980 3004 ii.
1025 2971 1107 3020 pp.
1156 2954 1422 3021 125-127).
1497 2958 1562 3007 Et
1608 2958 1815 3009 fortasse

134 3037 243 3105 ipse
275 3041 503 3094 codicem
540 3042 747 3104 uiderat,
778 3042 884 3093 siue
917 3042 968 3093 in
1007 3043 1328 3095 Murbacensi
1354 3044 1672 3108 bibliotheca,
1707 3046 1814 3098 siue

948 3145 993 3172 ΙΧ
