2014 3392
21 0 75 163 ξι

48 165 62 227 Ξ
119 222 125 225 .

24 331 25 334 ¹
47 309 66 337 ζ

23 347 26 412 3
49 364 61 394 ἰ
131 354 418 402 Romanum
450 353 691 404 rationem
724 355 936 405 habere:
970 357 1100 406 adeo
1131 356 1368 407 familiare
1400 367 1475 407 est
1507 357 1796 408 hominibus

814 213 1031 263 LIBER
1067 215 1122 264 11

20 470 22 474 ι
48 439 64 483 .“
129 435 298 485 omnia
321 435 416 485 sibi
439 435 707 500 ignoscere,
734 436 857 486 nihil
880 437 988 487 aliis
1011 437 1272 499 remittere,
1293 447 1343 488 et
1365 438 1607 488 inuidiam
1631 457 1794 489 rerum

19 508 55 563 ἶ
127 533 231 566 non
265 517 332 567 ad
366 533 581 578 causam,
619 518 709 567 sed
743 519 809 567 ad
846 519 1156 568 uoluntatem
1196 535 1532 583 personasque
1570 519 1789 583 dirigere.

32 589 58 624 ἰ
127 599 226 648 hoc
264 600 526 648 consulatu
567 599 836 663 Pompeius
874 599 1188 650 tribuniciam
1228 609 1526 664 potestatem
1567 601 1791 661 restituit,
1815 616 1842 654 4

32 746 34 754 .
75 691 103 735 5
126 679 267 730 cuius
286 681 422 730 Sulla
444 680 711 744 imaginem
735 685 766 733 †
780 680 832 729 in
855 680 961 730 iure
984 681 1258 745 reliquerat.
1309 683 1431 731 dum
1456 681 1793 732 Sertorianum
1816 705 1838 745 5

22 808 27 831 ,Ι
126 761 313 811 bellum
337 761 390 811 in
416 760 663 826 Hispania
685 762 879 826 geritur,
907 777 1060 812 Lxml
1086 763 1280 827 fugitiui
1304 781 1331 813 e
1356 765 1477 813 ludo
1500 762 1793 827 gladiatorio

28 845 33 852 “
60 855 61 859 ’
126 843 302 906 Capua
324 843 659 907 profugientes
683 845 813 893 duce
836 846 1087 908 SpartacO,
1114 844 1264 908 raptis
1289 862 1349 895 ex
1372 862 1432 895 ea
1454 846 1577 895 urbe
1600 845 1791 909 gladiis,

18 925 23 932 '
123 923 285 989 primo
322 924 599 974 Vesuuium
640 935 864 975 montem
905 926 1104 990 petiere,
1147 943 1265 977 mox
1304 926 1354 975 in
1394 927 1500 977 dies
1541 937 1794 977 crescente

125 1005 443 1056 multitudine
488 1006 721 1070 grauibus
768 999 1030 1072 uariisque*
1061 1008 1258 1058 casibus
1304 1010 1532 1058 adfecere
1580 1009 1789 1058 Italiam.

32 1119 43 1154 7
85 1122 93 1134 .
124 1103 337 1152 quorum
373 1105 609 1138 numerus
644 1088 696 1138 in
731 1098 925 1138 tantum
960 1090 1195 1150 aduleuit,
1222 1099 1277 1139 ut
1308 1107 1408 1154 qua
1442 1090 1618 1140 ultimo
1653 1090 1795 1140 dimi·
1819 1101 1845 1142 6

30 1175 41 1197 '¹
123 1185 301 1219 cauere
322 1168 444 1230 acie,
470 1169 733 1220 hominum
761 1173 876 1228 †x1.
900 1173 1040 1220 milia
1064 1186 1196 1221 Dccc
1222 1188 1275 1221 se
1301 1173 1536 1222 Romano
1561 1171 1794 1221 exercitui

122 1251 460 1315 opposuerint.
532 1252 679 1302 huius
714 1253 891 1316 patrati
924 1253 1080 1318 gloria
1110 1270 1264 1317 penes
1302 1255 1373 1303 M.
1414 1255 1649 1309 Crassum
1684 1253 1790 1314 fuit,

36 1386 43 1391 ,
123 1351 241 1384 mox
264 1339 294 1384 †
309 1333 379 1384 rei
402 1333 632 1398 publicae
656 1334 882 1384 omnium
899 1340 928 1386 †
951 1335 1241 1399 principem.

190 1417 518 1468 Conuerterat
555 1417 648 1467 Cn.
689 1416 899 1481 Pompei
932 1434 1145 1481 persona
1179 1426 1340 1466 totum
1371 1415 1428 1466 in
1466 1433 1519 1466 se
1554 1425 1790 1466 terrarum
1815 1427 1872 1474 31

35 1534 37 1538 -
73 1520 101 1565 ς
121 1497 295 1548 orbem
314 1507 363 1548 et
386 1514 475 1562 per
497 1497 667 1547 omnia
689 1497 848 1548 maior
870 1498 981 1548 ciue
1004 1498 1292 1548 habebatur.
1365 1497 1591 1561 quicum
1616 1499 1792 1547 consul

120 1595 359 1644 perquam
384 1578 696 1629 laudabiliter
718 1578 924 1629 iurasset
947 1597 1001 1630 se
1020 1579 1076 1629 ⁴in
1101 1580 1288 1628 nullam
1312 1578 1622 1643 prouinciam
1647 1595 1707 1628 ex
1730 1595 1792 1628 eo

27 1657 31 1667 “
120 1660 406 1726 magistratu
438 1659 621 1710 iturum
653 1660 806 1725 idque
838 1670 1095 1722 seruasset,
1125 1669 1239 1725 post
1271 1659 1530 1710 biennium
1555 1663 1614 1710 A.
1644 1660 1793 1710 Gabi·
1820 1675 1839 1702 2

27 1740 40 1760 ⁴
120 1742 233 1793 nius
269 1742 497 1793 tribunus
534 1744 695 1806 legem
733 1742 858 1804 tulit,
890 1752 944 1792 ut
979 1760 1095 1793 cum
1131 1742 1249 1792 belli
1285 1759 1437 1803 more,
1464 1759 1568 1792 non
1603 1742 1793 1792 latroci-

119 1824 331 1885 niorum,
367 1824 542 1875 orbem
577 1824 817 1874 classibus
852 1824 966 1886 iam,
1007 1842 1110 1875 non
1147 1823 1339 1874 furtiuis
1375 1823 1789 1888 expeditionibuS,

16 1895 28 1958 s
81 1941 89 1950 -
118 1906 305 1972 piratae
340 1915 575 1956 terrerent
616 1907 961 1971 quasdamque
1001 1906 1151 1957 etiam
1189 1906 1363 1956 Italiae
1398 1905 1532 1955 urbis
1569 1905 1793 1969 diripuis-

118 1997 244 2049 sent,
282 1988 375 2039 Cn.
415 1987 684 2052 Pompeius
717 1989 784 2038 ad
819 2005 906 2038 eos
941 1987 1297 2052 opprimendos
1333 1987 1606 2037 mitteretur
1645 1997 1792 2037 esset-

118 2084 218 2134 que
265 2068 312 2119 ei
369 2068 631 2133 imperium
682 2086 900 2133 aequum
947 2069 1003 2119 *in
1061 2069 1295 2120 omnibus
1347 2068 1616 2133 prouinciis
1674 2086 1790 2118 cum

24 2182 29 2201 ι,
117 2150 499 2215 proconsulibus
527 2167 686 2215 usque
715 2152 782 2201 ad
805 2150 1271 2216 quinquagesimum
1304 2149 1567 2200 miliarium
1598 2167 1629 2200 a
1653 2151 1787 2201 mari.

171 2294 199 2331 4
228 2286 485 2332 potestatem
516 2280 704 2322 Gelenius
719 2296 732 2322 t
772 2280 818 2323 P.
840 2280 933 2321 ΑΡ
1037 2292 1063 2332 5
1092 2282 1186 2322 sine
1213 2294 1260 2321 re
1283 2280 1471 2322 Gelem·us
1578 2281 1607 2320 6
1635 2293 1791 2322 Lxxmr

117 2334 300 2389 Lipsius,
330 2336 379 2387 cf
402 2336 495 2376 Liu.
520 2336 630 2389 Epn‘t.
652 2347 707 2387 95
860 2349 884 2387 7
913 2342 1060 2388 sparta
1086 2336 1270 2387 coraptis
1284 2335 1327 2374 A
1348 2350 1358 2375 ι
1388 2339 1427 2377 &
1447 2335 1539 2387 del„
1558 2335 1650 2375 dein
1670 2349 1726 2376 ex
1744 2335 1788 2375 A

116 2391 146 2431 8
172 2391 215 2431 in
252 2391 346 2431 dia
382 2403 442 2432 cr.
479 2390 522 2429 A
544 2405 554 2431 ε
600 2404 659 2432 cr.
695 2391 738 2430 in
773 2390 867 2431 dies
893 2389 937 2430 P
1111 2405 1140 2443 9
1167 2391 1316 2432 adfaec.
1350 2389 1393 2429 A
1577 2402 1627 2430 10
1655 2390 1791 2432 creuit

115 2458 210 2511 del„
228 2460 321 2501 «ἰείη
339 2461 529 2502 aduleuit
548 2461 591 2500 A
702 2474 788 2512 quo
809 2461 955 2502 ultima
972 2459 1016 2500 A
1036 2474 1047 2501 ε
1074 2474 1159 2512 qua
1178 2462 1327 2501 ultimo
1346 2459 1390 2499 P
1555 2472 1599 2499 11
1633 2473 1791 2500 XLaccc

117 2514 336 2556 bominum
348 2514 464 2557 AP:
493 2516 663 2555 mutam·
676 2530 701 2556 a
720 2517 765 2556 in
786 2529 842 2564 ιο,
862 2516 910 2568 ‘ss
934 2516 1011 2558 Cic.
1034 2515 1083 2555 de
1101 2516 1201 2568 Rep.
1218 2530 1256 2557 2.
1273 2530 1338 2557 20.
1353 2515 1436 2565 36:
1465 2527 1522 2554 xx.
1540 2528 1589 2555 ac
1610 2527 1660 2555 cc
1679 2514 1791 2554 milia

118 2569 316 2622 mm,
331 2583 416 2621 quo
427 2571 760 2623 sigmflcarentur
769 2584 964 2622 240,ooo.
1026 2571 1186 2623 Quidni
1196 2572 1377 2622 4o,2oo'l
1407 2569 1446 2610 h.
1461 2583 1492 2610 e.
1508 2569 1791 2622 quadraginta

119 2625 238 2665 num
256 2638 305 2666 ac
319 2624 503 2666 duoenti.
535 2638 589 2666 xc
609 2626 724 2666 milia
748 2625 850 2665 νοω
977 2626 1170 2666 exercitu
1191 2625 1233 2664 A
1434 2637 1484 2675 13
1512 2625 1702 2664 omnium
1722 2623 1790 2664 P:

117 2680 232 2720 omni
251 2679 327 2721 A.
356 2679 541 2720 Romani
563 2680 746 2721 nominis
763 2679 994 2721 Ruhnken.
1024 2680 1127 2732 reip.
1151 2693 1229 2732 per
1247 2679 1391 2719 omnia
1410 2678 1608 2731 qussxg
1623 2683 1661 2718 et
1676 2678 1789 2718 Lau·

119 2738 230 2776 runt:
259 2735 447 2775 omnium
464 2735 736 2776 consessione
749 2734 895 2787 Bergk,
918 2734 969 2786 ‘f-
988 2748 1053 2786 4.3
1076 2747 1117 2787 3,
1134 2747 1241 2775 num
1261 2734 1448 2774 omnium
1467 2735 1711 2774 consensu?
1740 2733 1787 2783 tf

16 2799 27 2818 Μ
117 2800 186 2840 3²·
204 2801 241 2838 1,
259 2802 318 2829 an
335 2789 669 2842 amplissimum
838 2800 886 2840 15
908 2790 1041 2830 maior
1059 2790 1155 2830 ciue
1175 2789 1398 2831 Heaeffznsms
1430 2789 1588 2828 maiore
1610 2788 1652 2828 ui
1673 2786 1789 2828 ΑΡ·

16 2856 20 2874 ¹
111 2842 210 2894 son.
225 2844 309 2885 ciui
534 2857 582 2895 17
613 2844 747 2895 magis
765 2850 858 2884 erat
887 2845 1072 2885 uitus-um
1091 2843 1186 2894 del„
1206 2843 1298 2884 dem
1317 2850 1522 2896 suprascr.
1540 2843 1790 2893 magistratu

40 2920 45 2939 v.
118 2897 276 2939 itm-um
295 2898 339 2938 A
482 2899 532 2939 18
560 2906 607 2940 ut
626 2912 722 2939 cum
740 2904 790 2939 ut
809 2898 899 2950 (sic)
918 2898 961 2938 A
1130 2912 1186 2939 20
1214 2903 1405 2939 tererent
1425 2897 1514 2946 del„
1542 2896 1634 2937 dem
1654 2902 1789 2937 terre·

19 2951 44 2967 ‘²'
117 2959 214 2995 rent
230 2952 275 2993 A
388 2954 517 2994 etiam
533 2966 616 2995 om.
633 2953 677 2992 A
790 2953 919 2994 urbes
933 2952 976 2992 A
1131 2965 1181 2993 21
1205 2953 1435 2993 mittendos
1455 2951 1528 2993 del.
1553 2955 1649 2991 ante
1666 2963 1788 3004 oppr.

20 3036 22 3052 .
39 3006 43 3050 I
116 3005 162 3047 Α
326 3020 381 3048 22
399 3021 554 3050 ecuum
573 3008 663 3060 del„
684 3007 776 3048 dein
794 3015 995 3062 supra-502
1019 3020 1174 3060 equum
1193 3007 1237 3048 A
1396 3020 1451 3060 23
1468 3006 1601 3048 amari
1621 3004 1663 3045 A

917 3140 972 3183 49
1551 3121 1581 3167 4
