2014 3444
765 210 1308 260 PROLEGOMENA

207 348 441 412 Epistulis
476 348 564 397 fuit
589 348 793 412 eiusque
818 349 1108 413 conscripsit
1133 349 1300 409 uitam,
1327 367 1357 398 a
1381 350 1573 399 Velleio
1603 351 1871 413 sumpsisse

204 437 443 486 imitanda
466 437 837 487 demonstrauit.
912 440 1063 487 Nono
1093 437 1236 501 igitur
1264 440 1462 487 saeculo
1487 448 1599 501 post
1619 439 1871 488 Christum

206 534 374 573 natum
423 526 618 574 extabat
659 525 783 574 liber
820 525 1180 589 manuscriptus
1222 525 1533 574 historiarum
1572 526 1746 585 Vellei,
1787 527 1871 589 qui

207 615 458 662 Fuldaene
482 631 545 661 an
570 613 687 661 alibi
712 613 855 661 fuerit
879 615 1184 676 exploratum
1210 630 1312 662 non
1338 623 1423 662 est.

271 703 419 751 Sexto
478 701 675 750 decimo
739 700 956 764 denique
1021 702 1219 749 saeculo
1283 700 1515 749 inuentus
1575 711 1648 750 est
1715 704 1873 750 codex

204 793 549 854 Murbacensis,
578 803 625 842 et
651 792 853 856 quidem
877 810 1011 842 anno
1042 808 1180 857 1515.
1244 793 1324 843 Sic
1350 793 1481 842 enim
1508 795 1571 842 de
1597 811 1657 842 eo
1683 794 1874 858 scripsit

157 871 162 873 ’
205 883 387 930 Beatus
425 883 698 930 Rhenanus
735 880 820 944 qui
854 880 1041 943 primus
1078 881 1327 930 Velleium
1363 881 1520 930 edidit
1554 899 1687 931 anno
1730 898 1869 945 1520.

148 1017 150 1022 ,
203 970 445 1031 Equidem
481 970 655 1017 ablzinc
691 984 846 1016 annos
883 975 940 1015 ut
958 976 1085 1032 puto
1119 971 1328 1031 quinque
1362 986 1466 1017 cum
1490 970 1714 1031 primum
1751 971 1878 1018 lzunc

203 1059 256 1106 in
291 1050 607 1105 Murbacensi
648 1058 919 1106 bibliotheca
959 1059 1243 1120 reperissem,
1285 1064 1332 1105 et
1370 1059 1579 1105 uiderem
1622 1065 1723 1105 tam
1759 1067 1875 1121 pro—

201 1149 375 1209 digiose
425 1153 702 1209 corruptum
750 1152 808 1193 ut
858 1147 1022 1193 omnia
1069 1147 1316 1194 restituere
1363 1163 1457 1194 non
1490 1147 1627 1208 foret
1670 1148 1882 1195 lzumani

204 1237 395 1298 ingenii,
422 1241 750 1298 properanter
783 1251 839 1282 ac
870 1234 1124 1296 infeliciter
1155 1236 1215 1282 ab
1251 1235 1400 1282 amico
1436 1237 1641 1296 quadam
1678 1237 1875 1299 descrip—

204 1332 318 1385 tum,
335 1325 653 1388 premendum
676 1326 831 1386 plane
865 1324 1100 1371 censebam
1135 1325 1278 1371 donec
1311 1324 1519 1371 melioris
1550 1325 1680 1371 nobis
1710 1326 1875 1372 codicis

186 1413 336 1475 fieret
354 1414 498 1475 copia,
525 1429 660 1474 quem
693 1419 955 1474 acceperam
984 1412 1156 1458 baberi
1182 1411 1457 1458 [Mediolani
1481 1412 1730 1458 inuentum
1759 1413 1871 1459 olim

202 1518 232 1548 a
265 1502 466 1562 Georgio
490 1501 705 1547 Merula.
781 1501 870 1546 Est
894 1508 1060 1547 autem
1088 1497 1440 1546 Murbachium
1473 1497 1612 1547 uicus
1638 1498 1869 1559 Alsatiae,

204 1591 459 1638 Gallorum
508 1598 555 1637 et
599 1587 948 1636 Heluetiorum
991 1587 1041 1635 in
1095 1586 1342 1636 confinio:
1403 1587 1755 1636 monasterium
1804 1587 1871 1636 ibi

202 1680 291 1729 fuit
316 1690 364 1729 et
390 1679 691 1728 bibliotheca
716 1677 1155 1727 Benedictinorum
1183 1678 1249 1727 ab
1280 1677 1486 1741 antiquo
1511 1677 1608 1726 iam
1634 1688 1870 1741 tempore,

203 1786 506 1832 quamquam
542 1768 592 1816 in
629 1766 862 1830 catalogis
899 1767 1097 1816 duobus
1133 1766 1365 1815 codicum
1408 1766 1868 1830 manuscriptorum,

202 1858 287 1921 qui
323 1859 522 1907 saeculo
554 1875 615 1904 xv
644 1855 694 1904 in
731 1873 790 1905 ea
825 1865 976 1915 erant,
1004 1855 1147 1904 editis
1184 1872 1342 1918 nuper
1364 1872 1394 1903 a
1417 1855 1658 1904 Zarnckio
1690 1855 1874 1921 (Philo-

202 1945 301 2009 logi
335 1963 376 1994 a.
412 1948 552 2008 1890,
591 1961 671 2007 pp.
702 1946 798 1991 616
824 1942 954 2007 sqq.)
998 1960 1245 2006 nusquam
1288 1942 1526 1992 memoria
1562 1943 1758 2006 prodita
1800 1954 1873 1992 est

202 2034 373 2083 Vellei.
450 2034 614 2083 Credo
651 2042 764 2096 post
793 2031 999 2095 scriptos
1036 2034 1241 2081 demum
1275 2033 1523 2095 catalogos
1548 2031 1708 2081 Vellei
1742 2032 1874 2081 codi-

204 2139 312 2171 cem
349 2121 399 2169 in
436 2123 599 2169 lucem
636 2119 832 2169 uenisse
850 2138 864 2180 ,·
904 2119 1055 2168 fuisse
1091 2118 1224 2168 enim
1261 2119 1311 2167 in
1354 2119 1669 2168 monasterii¹
1702 2119 1874 2169 biblio-

203 2211 360 2269 theca,
389 2226 491 2257 non
516 2208 567 2256 in
592 2207 686 2256 alia
719 2206 952 2270 quapiam
985 2207 1319 2267 Murbacensi‚
1347 2207 1438 2256 etsi
1470 2209 1744 2256 Rhenanus
1769 2225 1871 2256 non

203 2298 273 2347 sic
297 2307 501 2347 testatus
527 2307 600 2345 est
624 2296 676 2344 in
709 2295 927 2345 editione
952 2295 1188 2358 principe,
1215 2313 1276 2344 eo
1306 2297 1359 2344 fit
1392 2313 1511 2345 uero
1536 2295 1707 2355 simile,
1736 2298 1872 2358 quod

204 2404 296 2435 nec
320 2385 517 2434 alterius
542 2384 612 2433 ibi
645 2383 977 2433 bibliothecae
1001 2385 1133 2432 fama
1157 2383 1385 2443 innotuit,
1413 2401 1520 2443 nec,
1548 2383 1588 2432 si
1616 2385 1681 2432 ab
1710 2383 1874 2432 huius-

204 2474 342 2524 modi
378 2474 682 2523 bibliotheca
717 2472 1026 2536 prouenisset
1063 2474 1221 2521 codex
1256 2472 1430 2532 Vellei,
1466 2489 1568 2522 non
1604 2472 1656 2521 id
1692 2471 1872 2522 diserte

206 2566 479 2612 Rhenanus
505 2571 863 2611 memoraturus
889 2561 991 2610 fuit.

274 2653 448 2701 Codex
491 2649 836 2699 Murbacensis
873 2649 1031 2712 qualis
1073 2649 1219 2698 fuerit
1254 2648 1425 2698 docuit
1462 2666 1554 2697 nos
1599 2650 1873 2697 Rhenanus

203 2741 254 2789 in
284 2739 589 2803 postscriptis
619 2756 746 2802 quae
771 2738 973 2787 ultimae
997 2738 1205 2802 paginae
1230 2740 1306 2788 ed.
1337 2741 1411 2786 Pr.
1440 2738 1632 2787 adiecit.
1694 2739 1871 2786 Ausim

203 2830 369 2877 iurare
403 2845 508 2876 eum
543 2829 632 2889 qui
667 2829 806 2876 illum
849 2825 988 2892 (Cod.
1026 2826 1411 2892 Murbacensem)
1451 2828 1772 2890 descripserat,
1819 2844 1875 2875 ne

258 2957 271 2979 ¹
303 2956 370 2995 De
386 2956 643 2995 monasterio
662 2955 933 2994 Murbacensi
949 2950 1102 2994 librum
1118 2955 1222 2994 satis
1234 2956 1438 3005 grandem
1458 2955 1626 3006 scripsit
1641 2955 1694 2995 A.
1710 2955 1871 3005 Gatrio,

204 3022 281 3061 Die
297 3020 634 3060 AbteiMurbaclz
658 3021 699 3059 in
718 3021 878 3061 Elsass.
939 3021 1170 3070 strasburg
1189 3021 1213 3061 i.
1239 3020 1327 3061 Els.
1353 3021 1469 3070 1895.

1000 3102 1073 3127 vui
