2014 3392
717 192 975 240 VELLEI
1012 191 1412 240 PATERCVLI

234 330 396 379 minus
432 330 685 394 ingeniose
720 348 949 394 nequam,
977 348 1091 379 cum
1127 330 1222 382 †in
1258 329 1456 380 modica
1490 329 1692 393 quidem
1718 327 1898 378 seruari

189 431 208 458 2
234 421 401 474 posset
434 411 638 477 (quippe
670 411 808 475 peior
842 411 911 460 illi
946 428 1021 461 res
1057 411 1304 460 familiaris
1337 428 1487 474 quam
1516 427 1656 459 mens
1681 408 1818 472 erat),
1845 409 1896 456 in

233 502 458 556 praetura
481 510 722 542 nouarum
742 494 1018 542 tabularum
1033 503 1205 542 auctor
1222 492 1378 542 extitit
1392 491 1680 556 nequiitque
1699 500 1897 540 senatus

237 592 260 619 *
299 584 348 624 et
382 566 672 624 auctoritate
711 577 972 624 consulum
1005 574 1235 624 deterreri
1252 593 1266 635 3
1313 573 1472 623 accito
1522 573 1670 622 etiam
1704 571 1896 620 Milone

233 654 415 715 Annio,
443 656 528 718 qui
560 672 663 704 non
700 655 960 718 impetrato
998 655 1157 713 reditu
1195 655 1399 704 Iulianis
1436 654 1655 718 partibus
1692 652 1896 702 infestus
1921 668 1943 707 5

233 745 348 796 erat,
392 735 443 784 in
490 737 611 785 urbe
653 736 963 796 seditionem,
1003 736 1054 785 in
1095 736 1220 799 agris
1258 738 1392 785 haud
1433 737 1626 785 occulte
1664 733 1897 783 bellicum

233 820 499 866 tumultum
548 835 770 878 mouens,
819 817 979 881 primo
1026 827 1303 867 summotus
1349 835 1380 866 a
1424 835 1475 866 re
1521 815 1734 880 publica,
1783 832 1899 864 mox
2008 834 2014 878 ἡ

233 899 572 948 consularibus
610 899 756 948 armis
794 909 994 949 auctore
1032 909 1205 949 senatu
1238 899 1366 949 circa
1389 899 1603 948 Thurios
1636 914 1898 962 oppressus

187 996 210 1035 3
232 989 318 1030 est.
390 980 590 1044 incepto
614 980 718 1044 pari
742 980 912 1029 similis
936 983 1132 1030 fortuna
1157 981 1361 1030 Milonis
1385 980 1489 1041 fuit,
1517 980 1602 1044 qui
1627 982 1898 1043 Compsam

232 1061 283 1109 in
310 1060 535 1124 Hirpinis
561 1078 853 1124 oppugnans
885 1061 1110 1124 ictusque
1142 1061 1306 1125 lapide
1344 1071 1449 1110 tum
1489 1064 1540 1110 P.
1570 1060 1765 1120 Clodio,
1792 1069 1897 1108 tum
1928 1049 1995 1103 ῐοΪ

233 1142 430 1206 patriae,
471 1159 621 1206 quam
659 1142 806 1191 armis
844 1143 1057 1206 petebat,
1095 1160 1282 1206 poenas
1320 1142 1472 1202 dedit,
1510 1141 1585 1191 uir
1621 1141 1814 1205 inquies
1851 1150 1900 1189 et
1992 1135 1993 1138 ¹

182 1251 207 1288 4
233 1226 358 1273 ultra
381 1226 558 1273 fortem
583 1223 880 1272 temerarius.
954 1233 1197 1287 quatenus
1220 1233 1387 1272 autem
1411 1222 1598 1286 aliquid
1623 1240 1682 1272 ex
1705 1221 1899 1271 omissis

233 1315 364 1369 peto,
430 1314 628 1354 notetur
684 1304 937 1355 inmodica
994 1315 1043 1354 et
1099 1305 1446 1369 intempestiua
1503 1304 1726 1353 libertate
1783 1320 1899 1352 usos

231 1389 469 1436 aduersus
529 1388 584 1437 C.
644 1388 907 1437 Caesarem
967 1389 1236 1436 Marullum
1296 1386 1532 1450 Epidium
1591 1387 1900 1448 Flauumque

233 1467 516 1518 Caesetium
543 1467 765 1517 tribunos
790 1470 871 1531 pl.,
893 1470 1014 1518 dum
1032 1477 1242 1532 arguunt
1266 1467 1317 1516 in
1342 1485 1402 1517 eo
1422 1467 1557 1531 regni
1575 1469 1897 1526 uoluntatem,
1929 1479 1974 1520 15
1991 1463 2007 1514 -ἶ

183 1573 204 1612 5
231 1566 390 1612 paene
437 1549 539 1597 uim
588 1549 940 1599 dominationis
988 1560 1225 1614 expertos.
1298 1549 1349 1598 in
1396 1551 1493 1599 hoc
1540 1558 1707 1598 tamen
1754 1565 1901 1611 saepe

233 1631 445 1680 lacessiti
469 1630 702 1694 principis
738 1631 809 1680 ira
843 1631 1063 1691 excessit,
1090 1642 1145 1680 ut
1181 1631 1403 1682 censoria
1437 1630 1601 1694 potius
1638 1632 1900 1680 contentus

233 1722 352 1761 nota
376 1729 526 1775 quam
551 1712 981 1762 animaduersione
1006 1712 1264 1762 dictatoria
1295 1721 1631 1761 summoueret
1668 1729 1754 1761 eos
1789 1729 1819 1760 a
1850 1728 1901 1760 re

232 1792 431 1855 publica
455 1802 810 1856 testareturque
834 1810 941 1842 esse
967 1793 1060 1842 sibi
1092 1793 1432 1853 miserrimum,
1460 1795 1597 1857 quod
1620 1802 1706 1842 aut
1729 1802 1902 1841 natura

232 1891 320 1922 sua
361 1874 407 1923 ei
442 1877 784 1924 excedendum
820 1877 946 1924 foret
982 1884 1067 1924 aut
1105 1874 1376 1925 minuenda
1415 1874 1640 1938 dignitas.
1713 1876 1802 1924 sed
1836 1876 1901 1924 ad

233 1955 459 2004 ordinem
485 1958 831 2005 reuertendum
857 1965 943 2005 est.

140 2033 212 2092 69
305 2038 413 2085 Iam
438 2046 487 2085 et
521 2037 783 2086 Dolabella
813 2037 864 2086 in
900 2037 1020 2087 Asia
1056 2039 1111 2089 C.
1139 2037 1447 2087 Trebonium
1472 2039 1795 2097 consularem,
1823 2037 1902 2086 cui

234 2119 546 2179 succedebat,
590 2121 760 2168 fraude
808 2121 1073 2183 deceptum
1132 2122 1372 2183 Zmyrnae
1430 2119 1691 2179 occiderat,
1741 2119 1900 2168 uirum

1928 1886 1977 1915 ὃ

1983 2424 1987 2426 ⁴
1978 2107 2007 2348 nce-&2⁶42
1984 1715 2006 2089 ὑιδηῑριέἱδ-ιιι-υιν-υν
1993 1683 1999 1697 -
1996 1541 2005 1618 κη.»
1992 1519 1996 1526 -
1992 1438 2002 1461 2-
1992 1400 1994 1408 ἡ

290 2261 308 2286 1
336 2261 429 2287 cum
448 2249 629 2288 imodica
648 2249 709 2299 (in
731 2250 966 2299 modicaP)
989 2250 1162 2299 quidem
1183 2250 1346 2289 seruari
1369 2255 1516 2299 posset
1527 2250 1635 2290 AP:
1663 2263 1718 2288 ne
1739 2250 1901 2289 modica

231 2302 402 2352 quidem
438 2316 485 2342 re
512 2303 682 2343 Aldus:
722 2317 776 2342 ne
806 2305 973 2344 modico
1005 2304 1177 2354 quidem
1207 2305 1371 2343 seruari
1402 2318 1444 2355 p.
1483 2305 1609 2344 Voss:
1650 2318 1705 2343 ne
1735 2305 1901 2343 modica

231 2357 403 2406 quidem
434 2371 608 2397 seruare
641 2371 680 2408 p.
714 2359 950 2398 Froehlich:
994 2372 1050 2397 ne
1091 2373 1144 2399 m.
1177 2373 1216 2409 q.
1249 2360 1419 2398 soluere
1450 2373 1490 2409 p.
1525 2359 1736 2398 Laurent:
1766 2373 1821 2398 ne
1856 2360 1900 2397 in

231 2413 397 2451 modica
412 2414 583 2462 quidem
601 2413 686 2451 fide
701 2414 864 2452 seruari
877 2427 916 2464 p.
934 2413 1136 2465 Maduzg:
1158 2414 1340 2463 sortasse
1354 2428 1409 2453 ne
1422 2427 1477 2452 m.
1491 2427 1530 2463 q.
1545 2414 1716 2452 soluere
1737 2427 1784 2453 ac
1805 2427 1839 2453 s.
1858 2427 1901 2464 p.

229 2479 255 2515 3
284 2473 462 2506 senatus
504 2474 546 2507 et
590 2468 843 2507 auctoritate
882 2469 1061 2507 consulu
1102 2468 1282 2519 (COSS.
1315 2468 1373 2517 P)
1407 2468 1520 2507 AP:
1557 2469 1700 2519 scripsi
1725 2475 1901 2507 senatus

232 2521 441 2561 decretis:
473 2535 506 2561 s.
530 2529 572 2561 et
593 2523 780 2561 consulis
800 2537 835 2562 a.
862 2523 1035 2562 Cludius
1190 2535 1215 2572 5
1263 2523 1491 2573 impetrato
1510 2522 1572 2562 P:
1604 2524 1837 2573 imperator
1853 2522 1897 2561 A

229 2577 257 2613 6
285 2577 327 2614 in
347 2577 460 2626 agris
482 2577 595 2615 haud
616 2577 781 2616 occulte
799 2577 1034 2616 Mommsen
1146 2578 1258 2617 haud
1288 2579 1422 2627 magis
1453 2577 1616 2616 occulte
1635 2577 1746 2617 AP:
1786 2583 1829 2616 at
1857 2577 1901 2615 in

230 2631 341 2679 agris
369 2644 407 2671 o.
429 2631 597 2682 Lipsius
752 2633 777 2670 8
805 2632 958 2670 Turios
976 2631 1068 2670 ΑΡ
1205 2646 1232 2682 9
1261 2633 1305 2671 in
1325 2632 1417 2672 add.
1441 2631 1645 2682 Maduzssg:
1682 2632 1725 2670 in
1747 2638 1900 2682 coepto

237 2684 338 2723 Voss
533 2699 582 2725 10
613 2686 769 2736 Irpinis
798 2686 890 2725 ΑΡ
1049 2693 1139 2726 tum
1161 2687 1206 2726 P.
1228 2687 1342 2726 AP:
1372 2700 1468 2726 cum
1489 2686 1535 2725 P.
1562 2686 1691 2724 Orelli
1852 2681 1900 2724 1'2

231 2739 382 2779 fortem
403 2739 445 2777 Β
463 2745 499 2778 et
516 2741 572 2779 sic
587 2740 630 2779 A
655 2745 702 2779 ut
720 2741 827 2779 mihi
843 2741 983 2779 uisum
1003 2746 1081 2781 est:
1113 2748 1272 2781 sortem
1291 2741 1335 2779 P
1463 2754 1512 2789 13
1532 2747 1679 2791 repeto
1699 2740 1903 2780 Heinsius

228 2795 412 2834 imodica
441 2794 484 2833 A
655 2806 704 2844 15
734 2808 845 2834 caese
880 2796 1006 2834 etiarn
1039 2795 1152 2835 AP:
1194 2797 1438 2835 Caesetium
1466 2795 1508 2833 B
1617 2795 1709 2835 TR.
1741 2795 1824 2834 PL.
1853 2795 1897 2834 A

232 2848 359 2887 duum
378 2849 422 2887 A
599 2851 647 2887 16
677 2863 803 2900 paene
833 2850 918 2888 uim
950 2851 1190 2890 domitianis
1218 2850 1262 2889 A
1405 2856 1546 2889 tamen
1575 2849 1686 2890 AP:
1736 2851 1926 2888 tantum⁴

229 2902 351 2940 Kritz
533 2917 581 2953 17
613 2905 796 2943 excessit
833 2904 946 2943 AP:
995 2906 1154 2945 exarsit
1199 2905 1399 2956 Wopkens
1507 2909 1779 2955 contemptus
1813 2904 1898 2942 BA

233 2969 286 3007 23
315 2959 593 2998 succensebat
613 2958 820 2998 Ruhnken
930 2958 1144 3010 Zmyrnae
1162 2960 1206 2998 A
1224 2975 1233 3001 ε
1267 2960 1476 3010 Smyrnae
1496 2958 1540 2997 P

1995 2992 1998 2993 ,
1982 2787 2005 2968 wazo-..rre-
1982 2580 2005 2763 :nieme-‘zaj

1041 3088 1093 3138 84
