2014 3392
803 230 1021 280 LIBER
1057 233 1113 281 II

39 400 43 414 ÷
122 365 307 416 deinde
330 375 514 417 euentu
542 366 673 417 circa
695 368 923 432 Capuam
946 368 1233 433 Scipionem
1266 371 1663 437 Norbanumque
1680 389 1796 424 con-

44 487 47 491 .
122 449 254 497 suloe
268 458 479 511 superat,
496 465 710 512 quorum
726 449 995 499 Norbanus
1008 450 1116 500 acie
1130 450 1306 512 uictuS,
1317 452 1485 516 Scipio
1499 454 1565 503 ab
1580 455 1795 504 exercitu

122 545 216 579 suo
255 530 480 579 desertus
519 546 580 579 ac
618 530 845 594 proditus
886 530 1154 582 inuiolatus
1190 549 1222 582 a
1261 534 1398 583 Sulla
1434 533 1667 585 dimissus
1704 546 1791 586 est.

120 612 251 660 adeo
285 611 419 661 enim
456 613 593 661 Sulla
626 611 878 662 dissimilis
915 612 1007 663 fuit
1043 614 1252 664 bellator
1281 631 1341 664 ac
1373 615 1545 676 uictor,
1586 626 1640 666 ut
1671 618 1794 666 dum
1821 643 1844 681 3

72 712 97 753 5
121 690 277 741 uincit
314 699 343 743 †
357 709 418 742 ac
457 692 727 743 iustissimo
742 698 772 745 †
803 693 974 755 lenior,
1001 704 1114 759 post
1145 695 1404 746 uictoriam
1440 697 1614 747 audito
1651 698 1796 748 fuerit

119 773 377 824 crudelior.
450 791 567 824 nam
608 784 659 825 et
693 777 966 837 consulem,
1005 786 1060 826 ut
1099 777 1448 841 praediximuS,
1490 789 1794 829 exarmatum

122 854 471 919 Quintumque
516 856 801 917 Sertorium,
842 874 935 921 pro
980 857 1154 922 quanti
1191 875 1308 909 mox
1345 859 1463 909 belli
1502 861 1696 910 facem!
1746 870 1795 911 et

120 937 305 986 multos
338 936 477 997 alios,
503 937 690 1001 potitus
721 954 909 999 eorum,
935 938 1122 988 dimisit
1153 938 1432 1001 incolumiS‚
1466 942 1618 991 credo
1653 950 1708 991 ut
1743 941 1794 991 in

119 1019 301 1068 eodem
353 1018 559 1069 homine
604 1019 817 1084 duplicis
867 1037 927 1070 ac
973 1020 1296 1071 diuersissimi
1341 1021 1495 1072 animi
1541 1023 1795 1087 conspice-

70 1121 99 1150 ο
118 1109 252 1150 retur
274 1102 570 1165 exemplum.
642 1111 756 1166 post
779 1101 1038 1152 uictoriam
1062 1108 1093 1155 †
1108 1120 1208 1167 qua
1225 1105 1499 1154 demendes
1515 1109 1544 1155 †
1570 1114 1794 1155 montem
1819 1127 1844 1164 4

119 1182 285 1232 Tifata
323 1200 440 1233 cum
482 1185 540 1235 C.
585 1185 828 1235 Norbano
869 1195 1182 1236 concurrerat
1222 1187 1359 1236 Sulla
1394 1186 1541 1251 gratis
1585 1187 1792 1248 Dianae,

119 1263 262 1314 cuius
285 1264 480 1314 numini
503 1264 638 1329 regio
666 1265 750 1315 illa
779 1276 969 1316 sacrata
998 1276 1087 1328 est,
1114 1267 1263 1317 soluit
1283 1285 1298 1329 3
1330 1285 1486 1332 aquas
1510 1268 1795 1319 salubritate

119 1344 172 1394 in
219 1345 482 1396 medendis
532 1346 823 1411 corporibus
870 1347 1051 1398 nobilis
1097 1365 1341 1413 agrosque
1391 1349 1555 1400 omnis
1605 1349 1795 1400 addixit

118 1427 257 1477 doee.
353 1427 500 1478 huius
557 1438 723 1493 gratae
780 1429 1029 1494 religionis
1081 1430 1373 1480 memoriam
1431 1440 1482 1481 et
1538 1431 1794 1496 inscriptio

70 1532 95 1573 ⁵
118 1508 292 1573 templi
325 1510 489 1559 adfixa
519 1510 651 1575 posti
682 1510 935 1576 hodieque
969 1521 1019 1562 et
1053 1512 1223 1563 tabula
1250 1521 1456 1562 testatur
1489 1530 1633 1563 aerea
1667 1513 1795 1564 intra

114 1591 308 1640 aedem.

176 1745 194 1772 1
212 1728 521 1787 ffidenique
534 1734 623 1789 (sic)
639 1736 683 1775 A
698 1736 738 1777 h.
750 1750 782 1779 e.
800 1737 1094 1790 deindeemso,
1111 1741 1327 1778 cometam
1342 1752 1387 1778 m
1399 1739 1614 1790 denique·
1635 1740 1792 1780 deinde

23 1818 26 1846 3
117 1787 187 1830 B:
214 1789 466 1841 deniqueP
570 1798 731 1832 euentu
761 1805 798 1833 c.
822 1792 872 1834 C.
893 1798 1051 1833 euentu
1079 1792 1123 1831 A
1157 1793 1264 1833 unde
1291 1794 1466 1834 mvn-xi:
1500 1807 1541 1835 c.
1560 1795 1606 1835 C.
1631 1800 1790 1834 euentu

24 1895 26 1898 y
115 1841 162 1883 P
249 1843 647 1897 Narbonumque..
667 1846 1004 1889 ‚NarbonusP:
1030 1847 1105 1888 sed
1117 1848 1370 1888 Norbanus.
1415 1848 1688 1890 ,Norbanum
1705 1850 1788 1889 BA

116 1899 411 1942 consulesA.
443 1900 571 1942 COS.
590 1900 657 1941 Ρ.
698 1904 767 1942 ‘tu
799 1902 864 1942 fac
893 1901 1069 1943 COSS.’
1094 1902 1233 1942 Bum
1418 1916 1444 1955 5
1472 1917 1523 1944 ac
1548 1903 1663 1945 ΑΡ.
1700 1905 1792 1944 acie

24 2005 25 2010 1
117 1952 359 2005 Bumann,
392 1955 507 2007 quod
531 1956 660 1995 ninu‘s
686 1957 876 2009 languet:
930 1958 1069 1998 adhuc
1098 1957 1288 1998 Sm':ner
1327 1958 1427 1998 dum
1456 1959 1602 2010 uincit,
1666 1991 1675 2000 .
1700 1991 1710 2000 .
1741 1973 1791 1999 ac

23 2016 27 2063 ξ
116 2008 352 2050 iustissimo
370 2010 510 2050 lenior
528 2011 702 2061 Kmuse,
732 2012 1063 2064 em'ditsonasse
1094 2013 1236 2053 mitis:
1274 2014 1620 2054 mansuetissimo
1644 2013 1791 2054 Come·

23 2067 28 2090 ³
117 2062 269 2106 In'ssen:
311 2065 544 2106 iustissimo
563 2065 712 2106 Nova'k
731 2072 848 2106 ναίεις
871 2072 931 2107 est
947 2074 1027 2120 pro
1052 2072 1195 2107 neutro
1218 2069 1405 2120 positum
1423 2082 1517 2119 esse,
1540 2069 1582 2110 h.
1597 2082 1629 2110 e.
1662 2082 1791 2120 quam

116 2118 393 2159 monum
407 2119 501 2171 sicit
661 2123 691 2161 6
717 2127 761 2162 et
793 2121 1003 2164 Gelonus:
1053 2129 1100 2163 ut
1128 2122 1220 2162 ΑΡ
1324 2123 1438 2164 COS
1470 2099 1545 2164 A:
1593 2124 1720 2165 COS.
1754 2122 1795 2163 P

115 2174 237 2225 pred.
258 2174 302 2213 A
409 2176 881 2228 exarmat(rA)umque
919 2177 1154 2217 Sertorium
1193 2176 1308 2218 AP:
1361 2191 1525 2220 exarm.
1566 2178 1790 2229 Quintum-

24 2260 29 2279 4
115 2240 202 2279 que
222 2228 266 2270 S.
291 2229 492 2270 Heinsius
521 2235 559 2269 et
575 2229 843 2272 szomaes:
871 2244 1032 2274 exarm.
1054 2238 1183 2283 atque
1204 2233 1249 2274 S.
1277 2231 1379 2272 Voss
1571 2246 1594 2284 7
1624 2235 1733 2286 proh
1753 2233 1796 2272 P

116 2283 145 2323 8
171 2283 408 2325 incolumes
438 2283 530 2324 AP
662 2287 794 2326 credo
830 2286 923 2337 det„
962 2287 1054 2327 dein
1091 2295 1293 2340 suprascr.
1333 2288 1474 2328 Credo
1503 2287 1546 2327 A

24 2363 30 2377 .
114 2338 275 2379 ainis
298 2340 428 2380 animi
462 2339 506 2378 A
542 2339 631 2390 (sie)
801 2353 852 2383 10
879 2348 977 2393 post
1007 2342 1222 2383 Gelemus:
1260 2344 1403 2395 posuit
1429 2342 1521 2382 ΑΡ
1612 2356 1698 2394 qua
1718 2344 1791 2384 de-

26 2392 30 2434 2
116 2394 296 2434 mendes
308 2393 461 2436 ΑΒΡ.
483 2406 569 2446 qua
584 2396 855 2436 descendens
870 2396 1058 2437 Gelenius
1071 2397 1185 2449 quod
1198 2396 1292 2438 Sau
1235 2356 1369 2494 alpfpe
1380 2403 1419 2438 et
1432 2398 1562 2439 Orelli
1573 2398 1793 2450 defendunt

116 2460 237 2500 quaa
283 2449 497 2489 :adoriam
534 2456 616 2503 pm
652 2451 807 2503 proelio
850 2451 1024 2492 sec-:endo
1069 2452 1214 2492 dulmen!
1291 2482 1302 2494 .
1386 2454 1485 2504 quia
1524 2453 1790 2494 descendens

115 2501 353 2544 Ruhnken:
398 2517 582 2556 namque
608 2506 849 2547 ascendens
876 2506 1039 2549 Halm:
1065 2507 1166 2559 sbrt,
1199 2507 1301 2559 quia
1330 2508 1383 2548 de
1415 2508 1590 2548 meridie
1620 2508 1700 2548 sub
1729 2509 1795 2548 uel

114 2570 201 2610 qua
234 2558 304 2599 die
337 2559 585 2611 ingrediens
785 2573 831 2601 11
862 2561 894 2601 ti
925 2561 1013 2602 sata
1042 2561 1176 2602 ABP
1258 2563 1391 2614 gratis
1419 2563 1532 2604 BA:
1576 2570 1725 2614 gratus
1754 2562 1797 2603 P

119 2625 170 2654 ιο
190 2614 352 2654 numini
365 2612 431 2654 P:
460 2614 619 2654 nomini
632 2614 717 2655 BA
821 2617 955 2669 regio
974 2616 1017 2656 A
1127 2616 1417 2658 salubritatem
1437 2618 1512 2659 A.
1542 2618 1790 2659 salubritate

116 2667 160 2709 iu
176 2668 239 2711 B:
268 2668 513 2710 salubritate
531 2668 576 2708 P
721 2682 769 2721 ¹3
789 2671 1010 2712 medendis
1029 2670 1103 2713 A:
1133 2672 1442 2724 medendisque
1464 2672 1548 2712 BP
1627 2673 1791 2714 nobiles

114 2721 208 2763 ΑΡ
310 2724 477 2765 addixit
503 2723 717 2766 Gelenius:
755 2726 931 2767 adduxit
955 2725 1088 2766 ABP
1252 2739 1299 2777 14
1330 2728 1574 2768 memoriam
1595 2728 1790 2781 Lipsius·

116 2778 321 2819 memoria
339 2778 724 2831 ABP15
752 2781 907 2821 adfixae
928 2781 1056 2833 positi
1074 2780 1118 2820 A
1219 2781 1361 2822 tabula
1389 2782 1503 2823 AP:
1531 2783 1702 2823 crabula
1723 2783 1790 2824 Β.

114 2838 161 2873 et
187 2833 329 2874 :nbula
361 2833 550 2874 Gelenius
656 2834 777 2876 Num
808 2835 951 2877 Huius
978 2849 1019 2887 g.
1053 2835 1127 2876 rel.
1163 2838 1411 2877 memoriam
1441 2844 1567 2878 uetus
1598 2838 1725 2879 inser.
1759 2845 1789 2879 t.

114 2889 303 2940 aponi
331 2888 544 2941 hodieque
571 2889 713 2931 tabula
733 2890 874 2942 (ablat.
917 2897 1099 2931 testatur
1122 2903 1210 2932 aer.
1234 2892 1257 2934 i.
1280 2904 1348 2933 ae.
1493 2893 1603 2933 intra
1623 2894 1788 2935 aedem.

117 2940 287 2984 Deinde
309 2943 524 2986 Geleta‘ses:
560 2944 730 2986 Interea
750 2945 908 2986 deine
930 2945 993 2988 B:
1027 2946 1140 2986 inter
1157 2946 1341 2987 edeinde
1361 2945 1452 2997 del„
1473 2947 1564 2989 dem
1582 2954 1785 3002 suprascr.

115 2996 240 3039 edem
259 2999 314 3039 de
332 2998 407 3040 A.
436 2999 547 3040 intra
565 3000 715 3041 aedem
737 3002 839 3054 (om.
859 2999 1035 3051 deinde)
1056 2999 1101 3040 P

919 3163 973 3207 43
