2014 3444
628 940 1166 1008 PROLEGOM
1178 939 1375 1005 ENA

232 1152 393 1205 Vellei
426 1152 669 1203 Paterculi
701 1152 888 1218 primus
916 1152 1224 1203 mentionem
1253 1151 1370 1202 fecit
1403 1150 1682 1201 Priscianus
1717 1153 1837 1200 Inst.

165 1243 385 1292 Gramm.
425 1240 486 1291 vi.
529 1244 593 1306 63
633 1241 683 1307 (i.
733 1258 780 1306 p.
823 1244 919 1303 248
968 1240 1145 1306 Hertz)
1191 1242 1270 1290 M.
1312 1241 1511 1290 Velleius
1554 1241 1843 1289 Paterculus

92 1384 97 1386 ,
162 1331 288 1380 libro
319 1332 387 1380 I:
442 1347 525 1379 nec
567 1331 729 1379 minus
776 1332 940 1379 clarus
990 1347 1046 1378 ea
1098 1337 1366 1394 tempestate
1410 1331 1664 1379 Miltiadis
1694 1329 1843 1392 filius

169 1419 355 1470 Cimon.
431 1421 506 1468 Ex
540 1419 639 1468 hoc
674 1435 777 1468 uno
818 1419 1109 1482 fragment0‚
1147 1419 1287 1481 quod
1327 1417 1380 1467 in
1422 1416 1598 1467 codice
1642 1417 1843 1466 Murba-

163 1505 300 1557 censi
324 1523 428 1556 non
452 1515 570 1567 erat,
596 1505 757 1556 Vellei
780 1522 1086 1570 praenomen
1112 1505 1440 1570 cognoscitur.

233 1595 423 1644 Rursus
458 1593 636 1643 citatus
670 1603 747 1643 est
779 1610 811 1643 a
845 1593 1111 1644 scholiasta
1147 1593 1338 1643 Lucani
1362 1593 1422 1642 ix.
1457 1596 1550 1656 178
1585 1595 1685 1642 Ter
1715 1593 1840 1642 enim

161 1688 349 1732 constat
375 1683 698 1747 mumphasse
726 1682 1025 1746 Pompeium,
1056 1688 1116 1730 ut
1141 1683 1433 1731 Paterculus
1462 1682 1582 1730 dicit
1607 1682 1814 1730 scribens
1827 1698 1844 1728 .·

162 1771 310 1820 huius
331 1772 439 1820 uiri
441 1771 706 1834 sasttssgium
730 1771 883 1820 tantis
905 1771 1088 1820 actibus
1094 1770 1310 1834 fortuna
1329 1771 1518 1832 extulit,
1550 1777 1610 1818 ut
1615 1771 1842 1834 primum

162 1876 224 1910 ex
245 1860 435 1924 Ast-ica,
456 1861 631 1910 iterum
654 1877 716 1909 ex
737 1861 963 1924 Europa,
991 1861 1187 1909 tertium
1210 1877 1272 1908 ex
1293 1861 1562 1932 ffispania·
1575 1860 1844 1923 triumpha-

162 1955 249 2011 ret,
281 1955 331 1998 et
358 1955 477 2013 quot
493 1956 669 2014 partes
702 1955 862 1998 terrae
894 1955 1023 2010 sunt,
1059 1950 1251 1998 totidem
1272 1950 1463 2012 faceret
1493 1948 1574 2013 (al.
1599 1946 1844 2013 facerent)

165 2039 455 2088 monimenta
492 2039 721 2088 uictorias
755 2055 883 2087 suae.
975 2040 1122 2088 Haec
1159 2038 1394 2088 extabant
1430 2037 1481 2086 in
1520 2035 1844 2087 Murbacensi

165 2126 212 2178 ii.
257 2145 338 2189 40,
378 2127 466 2177 ubi
513 2127 797 2192 discrepant
838 2128 977 2188 haee,
1015 2128 1234 2176 auctibus
1259 2165 1269 2176 .
1298 2166 1309 2176 .
1338 2166 1348 2176 .
1371 2128 1574 2190 primus
1597 2165 1607 2175 .
1636 2165 1647 2175 .
1676 2165 1687 2175 .
1715 2127 1843 2175 Asia

166 2216 291 2282 (non
315 2214 619 2281 Htspania):
655 2232 785 2280 quae
819 2214 990 2266 omnia
1021 2214 1363 2266 emendatiora
1394 2214 1466 2265 sic
1495 2231 1647 2279 quam
1671 2213 1723 2263 in
1750 2216 1845 2263 Lu-

165 2304 277 2355 cani
312 2304 506 2355 scholio
547 2304 727 2355 tradita
763 2314 892 2355 sunt.
970 2304 1270 2355 Lectitatum
1312 2314 1481 2354 tamen
1523 2303 1675 2354 fuisse
1717 2319 1845 2368 opus

164 2393 325 2444 Vellei
361 2410 464 2444 non
500 2395 683 2444 desunt
717 2410 847 2459 quae
888 2403 1140 2444 testentur.
1229 2393 1423 2444 Primus
1459 2403 1703 2458 quantum
1741 2391 1846 2443 scio

167 2483 463 2548 Bernaysius
497 2482 745 2548 perspexit
780 2485 936 2534 multa
966 2493 1247 2534 mutuatum
1273 2500 1332 2534 ex
1364 2485 1462 2533 hoc
1487 2482 1715 2533 Seruium
1741 2483 1846 2532 Sul-

166 2570 367 2638 picium,
404 2571 744 2623 Christianum
780 2572 1121 2637 presbyterum
1159 2571 1226 2638 (A.
1239 2587 1287 2622 D.
1326 2569 1612 2636 365-425):
1662 2572 1841 2621 horum

165 2677 428 2712 numerum
451 2660 586 2711 auxit
606 2660 794 2711 Elimar
814 2661 972 2711 Klebs
996 2659 1048 2710 in
1074 2659 1320 2725 Philologi
1336 2661 1521 2710 uolum.
1549 2658 1668 2709 anni
1700 2661 1842 2723 1890,

166 2766 213 2817 p.
244 2752 337 2816 285
365 2766 490 2815 sqq„
528 2749 848 2814 ostenditque
881 2759 982 2800 tam
1018 2751 1301 2815 frequenter
1331 2748 1492 2799 Vellei
1534 2748 1688 2798 uerba
1729 2764 1844 2798 con-

165 2838 546 2904 iunctionesque
580 2839 847 2890 uerborum
884 2838 1159 2904 Sulpicium
1187 2838 1476 2890 adhibuisse
1505 2848 1559 2888 ut
1591 2836 1845 2888 studiosus

166 2926 273 2980 eius
318 2929 474 2979 lector
518 2938 669 2993 atque
716 2927 934 2979 imitator
978 2927 1083 2979 iure
1124 2927 1369 2979 dicendus
1416 2926 1490 2977 sit.
1583 2929 1702 2977 Post
1750 2927 1843 2976 hos

171 3016 412 3068 Manitius
460 3033 561 3068 non
610 3033 770 3083 pauca
810 3016 1166 3082 Eginhardum,
1205 3015 1289 3081 qui
1328 3017 1510 3068 Carolo
1549 3017 1738 3080 Magno
1779 3014 1845 3064 ab

960 3104 1016 3146 vii
