<?xml version="1.0" encoding="UTF-8"?>
<!DOCTYPE html PUBLIC "-//W3C//DTD XHTML 1.0 Transitional//EN"
    "http://www.w3.org/TR/xhtml1/DTD/xhtml1-transitional.dtd">
<html xmlns="http://www.w3.org/1999/xhtml" xml:lang="en" lang="en">
 <head>
  <title>
</title>
<meta http-equiv="Content-Type" content="text/html;charset=utf-8" />
  <meta name='ocr-system' content='tesseract 3.04.00' />
  <meta name='ocr-capabilities' content='ocr_page ocr_carea ocr_par ocr_line ocrx_word'/>
</head>
<body>
  <div class='ocr_page' id='page_1' title='image "admviniciumlibri00velluoft_0150.png"; bbox 0 0 2014 3392; ppageno 0'>
   <div class='ocr_carea' id='block_1_1' title="bbox 715 217 1413 283">
    <p class='ocr_par' dir='ltr' id='par_1_1' title="bbox 715 217 1413 283">
     <span class='ocr_line' id='line_1_1' title="bbox 715 217 1413 283; baseline 0.001 -3"><span class='ocrx_word' id='word_1_1' title='bbox 715 217 974 282; x_wconf 83' lang='lat' dir='ltr'>VELLEI</span> <span class='ocrx_word' id='word_1_2' title='bbox 1010 233 1413 283; x_wconf 87' lang='lat' dir='ltr'><strong>PATERCVLI</strong></span> 
     </span>
    </p>
   </div>
   <div class='ocr_carea' id='block_1_2' title="bbox 106 371 2014 2057">
    <p class='ocr_par' dir='ltr' id='par_1_2' title="bbox 231 371 1898 517">
     <span class='ocr_line' id='line_1_2' title="bbox 231 371 1898 436; baseline -0.002 -13"><span class='ocrx_word' id='word_1_3' title='bbox 231 373 444 424; x_wconf 86' lang='lat' dir='ltr'><strong>exercitu</strong></span> <span class='ocrx_word' id='word_1_4' title='bbox 469 373 519 422; x_wconf 90' lang='lat' dir='ltr'><strong>in</strong></span> <span class='ocrx_word' id='word_1_5' title='bbox 544 373 751 422; x_wconf 91' lang='lat' dir='ltr'><strong>hiberna</strong></span> <span class='ocrx_word' id='word_1_6' title='bbox 773 372 992 436; x_wconf 83' lang='lat' dir='ltr'><strong>legiones</strong></span> <span class='ocrx_word' id='word_1_7' title='bbox 1016 371 1221 432; x_wconf 89' lang='lat' dir='ltr'><strong>reduxit,</strong></span> <span class='ocrx_word' id='word_1_8' title='bbox 1249 373 1425 421; x_wconf 92' lang='lat' dir='ltr'><strong>eadem</strong></span> <span class='ocrx_word' id='word_1_9' title='bbox 1451 389 1549 436; x_wconf 90' lang='lat' dir='ltr'><strong>qua</strong></span> <span class='ocrx_word' id='word_1_10' title='bbox 1577 371 1736 435; x_wconf 87' lang='lat' dir='ltr'><strong>priore</strong></span> <span class='ocrx_word' id='word_1_11' title='bbox 1764 388 1898 420; x_wconf 92' lang='lat' dir='ltr'><strong>anno</strong></span> 
     </span>
     <span class='ocr_line' id='line_1_3' title="bbox 231 454 953 517; baseline -0.004 -13"><span class='ocrx_word' id='word_1_12' title='bbox 231 454 543 504; x_wconf 86' lang='lat' dir='ltr'><strong>festinatione</strong></span> <span class='ocrx_word' id='word_1_13' title='bbox 567 455 741 503; x_wconf 92' lang='lat' dir='ltr'><strong>urbem</strong></span> <span class='ocrx_word' id='word_1_14' title='bbox 766 463 953 517; x_wconf 89' lang='lat' dir='ltr'><strong>petens.</strong></span> 
     </span>
    </p>

    <p class='ocr_par' dir='ltr' id='par_1_3' title="bbox 118 533 2014 760">
     <span class='ocr_line' id='line_1_4' title="bbox 118 533 1901 597; baseline -0.002 -12"><span class='ocrx_word' id='word_1_15' title='bbox 118 534 208 581; x_wconf 88' lang='lat'><strong>108</strong></span> <span class='ocrx_word' id='word_1_16' title='bbox 299 536 437 585; x_wconf 81' lang='lat' dir='ltr'><strong>Nihil</strong></span> <span class='ocrx_word' id='word_1_17' title='bbox 473 545 574 585; x_wconf 89' lang='lat' dir='ltr'><strong>erat</strong></span> <span class='ocrx_word' id='word_1_18' title='bbox 608 535 707 584; x_wconf 91' lang='lat' dir='ltr'><strong>iam</strong></span> <span class='ocrx_word' id='word_1_19' title='bbox 742 535 794 583; x_wconf 94' lang='lat' dir='ltr'><strong>in</strong></span> <span class='ocrx_word' id='word_1_20' title='bbox 831 533 1109 594; x_wconf 85' lang='lat' dir='ltr'><strong>Germania,</strong></span> <span class='ocrx_word' id='word_1_21' title='bbox 1148 535 1285 597; x_wconf 90' lang='lat' dir='ltr'><strong>quod</strong></span> <span class='ocrx_word' id='word_1_22' title='bbox 1323 533 1457 582; x_wconf 92' lang='lat' dir='ltr'><strong>uinci</strong></span> <span class='ocrx_word' id='word_1_23' title='bbox 1491 543 1672 597; x_wconf 87' lang='lat' dir='ltr'><strong>posset,</strong></span> <span class='ocrx_word' id='word_1_24' title='bbox 1710 543 1901 596; x_wconf 91' lang='lat' dir='ltr'><strong>praeter</strong></span> 
     </span>
     <span class='ocr_line' id='line_1_5' title="bbox 229 614 1901 681; baseline -0.002 -15"><span class='ocrx_word' id='word_1_25' title='bbox 229 627 428 681; x_wconf 86' lang='lat' dir='ltr'><strong>gentem</strong></span> <span class='ocrx_word' id='word_1_26' title='bbox 477 619 964 676; x_wconf 78' lang='lat' dir='ltr'><strong>Marcomannorum,</strong></span> <span class='ocrx_word' id='word_1_27' title='bbox 1014 632 1141 679; x_wconf 88' lang='lat' dir='ltr'><strong>quae</strong></span> <span class='ocrx_word' id='word_1_28' title='bbox 1190 616 1508 664; x_wconf 89' lang='lat' dir='ltr'><strong>Maroboduo</strong></span> <span class='ocrx_word' id='word_1_29' title='bbox 1560 617 1688 664; x_wconf 93' lang='lat' dir='ltr'><strong>duce</strong></span> <span class='ocrx_word' id='word_1_30' title='bbox 1743 614 1901 664; x_wconf 88' lang='lat' dir='ltr'><strong>excita</strong></span> 
     </span>
     <span class='ocr_line' id='line_1_6' title="bbox 231 691 2014 760; baseline -0.002 -13"><span class='ocrx_word' id='word_1_31' title='bbox 231 698 433 747; x_wconf 92' lang='lat' dir='ltr'><strong>sedibus</strong></span> <span class='ocrx_word' id='word_1_32' title='bbox 458 697 557 746; x_wconf 88' lang='lat' dir='ltr'><strong>suis</strong></span> <span class='ocrx_word' id='word_1_33' title='bbox 581 707 731 759; x_wconf 92' lang='lat' dir='ltr'><strong>atque</strong></span> <span class='ocrx_word' id='word_1_34' title='bbox 755 696 806 744; x_wconf 91' lang='lat' dir='ltr'><strong>in</strong></span> <span class='ocrx_word' id='word_1_35' title='bbox 831 695 1062 745; x_wconf 92' lang='lat' dir='ltr'><strong>interiora</strong></span> <span class='ocrx_word' id='word_1_36' title='bbox 1085 695 1328 759; x_wconf 88' lang='lat' dir='ltr'><strong>refugiens</strong></span> <span class='ocrx_word' id='word_1_37' title='bbox 1353 695 1597 744; x_wconf 86' lang='lat' dir='ltr'><strong>incinctos</strong></span> <span class='ocrx_word' id='word_1_38' title='bbox 1618 695 1900 759; x_wconf 86' lang='lat' dir='ltr'><strong>Hercyniae</strong></span> <span class='ocrx_word' id='word_1_39' title='bbox 1924 713 1946 753; x_wconf 85' lang='lat'>5</span> <span class='ocrx_word' id='word_1_40' title='bbox 1996 691 2014 760; x_wconf 38' lang='grc' dir='ltr'><em>ᾗ</em></span> 
     </span>
    </p>

    <p class='ocr_par' dir='ltr' id='par_1_4' title="bbox 187 776 1976 1568">
     <span class='ocr_line' id='line_1_7' title="bbox 187 776 1901 842; baseline -0.002 -14"><span class='ocrx_word' id='word_1_41' title='bbox 187 796 203 822; x_wconf 74' lang='lat'><em>2</em></span> <span class='ocrx_word' id='word_1_42' title='bbox 229 778 383 828; x_wconf 88' lang='lat' dir='ltr'><strong>siluae</strong></span> <span class='ocrx_word' id='word_1_43' title='bbox 420 795 622 842; x_wconf 90' lang='lat' dir='ltr'><strong>campos</strong></span> <span class='ocrx_word' id='word_1_44' title='bbox 658 777 920 826; x_wconf 87' lang='lat' dir='ltr'><strong>incolebat.</strong></span> <span class='ocrx_word' id='word_1_45' title='bbox 993 778 1129 825; x_wconf 92' lang='lat' dir='ltr'><strong>nulla</strong></span> <span class='ocrx_word' id='word_1_46' title='bbox 1165 776 1413 826; x_wconf 86' lang='lat' dir='ltr'><strong>festinatio</strong></span> <span class='ocrx_word' id='word_1_47' title='bbox 1450 776 1596 825; x_wconf 91' lang='lat' dir='ltr'><strong>huius</strong></span> <span class='ocrx_word' id='word_1_48' title='bbox 1634 776 1726 824; x_wconf 92' lang='lat' dir='ltr'><strong>uiri</strong></span> <span class='ocrx_word' id='word_1_49' title='bbox 1767 793 1901 824; x_wconf 92' lang='lat' dir='ltr'><strong>men-</strong></span> 
     </span>
     <span class='ocr_line' id='line_1_8' title="bbox 229 856 1900 922; baseline -0.002 -13"><span class='ocrx_word' id='word_1_50' title='bbox 229 859 417 909; x_wconf 90' lang='lat' dir='ltr'><strong>tionem</strong></span> <span class='ocrx_word' id='word_1_51' title='bbox 446 858 717 922; x_wconf 87' lang='lat' dir='ltr'><strong>transgredi</strong></span> <span class='ocrx_word' id='word_1_52' title='bbox 750 859 912 908; x_wconf 92' lang='lat' dir='ltr'><strong>debet.</strong></span> <span class='ocrx_word' id='word_1_53' title='bbox 987 858 1346 918; x_wconf 86' lang='lat' dir='ltr'><strong>Maroboduus,</strong></span> <span class='ocrx_word' id='word_1_54' title='bbox 1373 874 1552 920; x_wconf 90' lang='lat' dir='ltr'><strong>genere</strong></span> <span class='ocrx_word' id='word_1_55' title='bbox 1575 856 1771 916; x_wconf 91' lang='lat' dir='ltr'><strong>nobilis,</strong></span> <span class='ocrx_word' id='word_1_56' title='bbox 1799 873 1900 905; x_wconf 91' lang='lat' dir='ltr'><strong>cor-</strong></span> 
     </span>
     <span class='ocr_line' id='line_1_9' title="bbox 228 937 1900 1004; baseline -0.002 -14"><span class='ocrx_word' id='word_1_57' title='bbox 228 958 347 1004; x_wconf 93' lang='lat' dir='ltr'><strong>pore</strong></span> <span class='ocrx_word' id='word_1_58' title='bbox 383 942 687 1004; x_wconf 87' lang='lat' dir='ltr'><strong>praeualens,</strong></span> <span class='ocrx_word' id='word_1_59' title='bbox 718 939 886 988; x_wconf 92' lang='lat' dir='ltr'><strong>animo</strong></span> <span class='ocrx_word' id='word_1_60' title='bbox 922 941 1071 999; x_wconf 87' lang='lat' dir='ltr'><strong>ferox,</strong></span> <span class='ocrx_word' id='word_1_61' title='bbox 1103 938 1305 988; x_wconf 89' lang='lat' dir='ltr'><strong>natione</strong></span> <span class='ocrx_word' id='word_1_62' title='bbox 1340 938 1494 1002; x_wconf 89' lang='lat' dir='ltr'><strong>magis</strong></span> <span class='ocrx_word' id='word_1_63' title='bbox 1528 955 1678 1002; x_wconf 90' lang='lat' dir='ltr'><strong>quam</strong></span> <span class='ocrx_word' id='word_1_64' title='bbox 1710 937 1900 987; x_wconf 90' lang='lat' dir='ltr'><strong>ratione</strong></span> 
     </span>
     <span class='ocr_line' id='line_1_10' title="bbox 228 1018 1899 1083; baseline -0.002 -13"><span class='ocrx_word' id='word_1_65' title='bbox 228 1022 478 1081; x_wconf 89' lang='lat' dir='ltr'><strong>barbarus,</strong></span> <span class='ocrx_word' id='word_1_66' title='bbox 500 1038 603 1070; x_wconf 92' lang='lat' dir='ltr'><strong>non</strong></span> <span class='ocrx_word' id='word_1_67' title='bbox 628 1019 1002 1069; x_wconf 91' lang='lat' dir='ltr'><strong>tumultuarium</strong></span> <span class='ocrx_word' id='word_1_68' title='bbox 1021 1037 1185 1083; x_wconf 89' lang='lat' dir='ltr'><strong>neque</strong></span> <span class='ocrx_word' id='word_1_69' title='bbox 1203 1019 1459 1069; x_wconf 89' lang='lat' dir='ltr'><strong>fortuitum</strong></span> <span class='ocrx_word' id='word_1_70' title='bbox 1478 1037 1641 1083; x_wconf 89' lang='lat' dir='ltr'><strong>neque</strong></span> <span class='ocrx_word' id='word_1_71' title='bbox 1660 1018 1899 1068; x_wconf 91' lang='lat' dir='ltr'><strong>mobilem</strong></span> 
     </span>
     <span class='ocr_line' id='line_1_11' title="bbox 227 1099 1976 1164; baseline 0 -13"><span class='ocrx_word' id='word_1_72' title='bbox 227 1112 276 1151; x_wconf 92' lang='lat' dir='ltr'><strong>et</strong></span> <span class='ocrx_word' id='word_1_73' title='bbox 301 1119 359 1151; x_wconf 87' lang='lat' dir='ltr'><strong>ex</strong></span> <span class='ocrx_word' id='word_1_74' title='bbox 391 1103 647 1151; x_wconf 92' lang='lat' dir='ltr'><strong>uoluntate</strong></span> <span class='ocrx_word' id='word_1_75' title='bbox 679 1100 957 1164; x_wconf 89' lang='lat' dir='ltr'><strong>parentium</strong></span> <span class='ocrx_word' id='word_1_76' title='bbox 990 1110 1301 1150; x_wconf 89' lang='lat' dir='ltr'><strong>constantem</strong></span> <span class='ocrx_word' id='word_1_77' title='bbox 1333 1100 1459 1149; x_wconf 89' lang='lat' dir='ltr'><strong>inter</strong></span> <span class='ocrx_word' id='word_1_78' title='bbox 1487 1117 1603 1149; x_wconf 89' lang='lat' dir='ltr'><strong>suos</strong></span> <span class='ocrx_word' id='word_1_79' title='bbox 1636 1099 1900 1163; x_wconf 88' lang='lat' dir='ltr'><strong>occupauit</strong></span> <span class='ocrx_word' id='word_1_80' title='bbox 1928 1123 1976 1151; x_wconf 92' lang='lat'><strong>10</strong></span> 
     </span>
     <span class='ocr_line' id='line_1_12' title="bbox 228 1181 1899 1246; baseline -0.001 -15"><span class='ocrx_word' id='word_1_81' title='bbox 228 1182 571 1246; x_wconf 89' lang='lat' dir='ltr'><strong>principatum,</strong></span> <span class='ocrx_word' id='word_1_82' title='bbox 591 1184 680 1231; x_wconf 92' lang='lat' dir='ltr'><strong>sed</strong></span> <span class='ocrx_word' id='word_1_83' title='bbox 700 1191 888 1231; x_wconf 90' lang='lat' dir='ltr'><strong>certum</strong></span> <span class='ocrx_word' id='word_1_84' title='bbox 907 1181 1169 1246; x_wconf 93' lang='lat' dir='ltr'><strong>imperium</strong></span> <span class='ocrx_word' id='word_1_85' title='bbox 1188 1181 1392 1245; x_wconf 90' lang='lat' dir='ltr'><strong>uimque</strong></span> <span class='ocrx_word' id='word_1_86' title='bbox 1410 1181 1593 1245; x_wconf 87' lang='lat' dir='ltr'><strong>regiam</strong></span> <span class='ocrx_word' id='word_1_87' title='bbox 1612 1183 1899 1244; x_wconf 88' lang='lat' dir='ltr'><strong>complexus</strong></span> 
     </span>
     <span class='ocr_line' id='line_1_13' title="bbox 226 1262 1900 1326; baseline 0 -14"><span class='ocrx_word' id='word_1_88' title='bbox 226 1263 394 1312; x_wconf 90' lang='lat' dir='ltr'><strong>animo</strong></span> <span class='ocrx_word' id='word_1_89' title='bbox 420 1263 587 1312; x_wconf 93' lang='lat' dir='ltr'><strong>statuit</strong></span> <span class='ocrx_word' id='word_1_90' title='bbox 619 1272 828 1312; x_wconf 87' lang='lat' dir='ltr'><strong>auocata</strong></span> <span class='ocrx_word' id='word_1_91' title='bbox 859 1264 1032 1326; x_wconf 91' lang='lat' dir='ltr'><strong>procul</strong></span> <span class='ocrx_word' id='word_1_92' title='bbox 1063 1280 1094 1311; x_wconf 90' lang='lat' dir='ltr'><strong>a</strong></span> <span class='ocrx_word' id='word_1_93' title='bbox 1126 1262 1368 1311; x_wconf 89' lang='lat' dir='ltr'><strong>Romanis</strong></span> <span class='ocrx_word' id='word_1_94' title='bbox 1404 1272 1550 1326; x_wconf 91' lang='lat' dir='ltr'><strong>gente</strong></span> <span class='ocrx_word' id='word_1_95' title='bbox 1583 1280 1672 1311; x_wconf 90' lang='lat' dir='ltr'><strong>sua</strong></span> <span class='ocrx_word' id='word_1_96' title='bbox 1703 1279 1764 1311; x_wconf 92' lang='lat' dir='ltr'><strong>eo</strong></span> <span class='ocrx_word' id='word_1_97' title='bbox 1793 1279 1900 1326; x_wconf 93' lang='lat' dir='ltr'><strong>pro-</strong></span> 
     </span>
     <span class='ocr_line' id='line_1_14' title="bbox 225 1343 1901 1408; baseline -0.001 -14"><span class='ocrx_word' id='word_1_98' title='bbox 225 1345 376 1408; x_wconf 90' lang='lat' dir='ltr'><strong>gredi,</strong></span> <span class='ocrx_word' id='word_1_99' title='bbox 398 1345 485 1394; x_wconf 92' lang='lat' dir='ltr'><strong>ubi</strong></span> <span class='ocrx_word' id='word_1_100' title='bbox 504 1362 618 1394; x_wconf 91' lang='lat' dir='ltr'><strong>cum</strong></span> <span class='ocrx_word' id='word_1_101' title='bbox 637 1354 836 1408; x_wconf 90' lang='lat' dir='ltr'><strong>propter</strong></span> <span class='ocrx_word' id='word_1_102' title='bbox 859 1343 1138 1408; x_wconf 89' lang='lat' dir='ltr'><strong>potentiora</strong></span> <span class='ocrx_word' id='word_1_103' title='bbox 1160 1361 1296 1393; x_wconf 88' lang='lat' dir='ltr'><strong>arma</strong></span> <span class='ocrx_word' id='word_1_104' title='bbox 1319 1343 1586 1408; x_wconf 90' lang='lat' dir='ltr'><strong>refugisset,</strong></span> <span class='ocrx_word' id='word_1_105' title='bbox 1608 1361 1697 1393; x_wconf 89' lang='lat' dir='ltr'><strong>sua</strong></span> <span class='ocrx_word' id='word_1_106' title='bbox 1719 1346 1901 1394; x_wconf 90' lang='lat' dir='ltr'><strong>faceret</strong></span> 
     </span>
     <span class='ocr_line' id='line_1_15' title="bbox 226 1425 1900 1489; baseline -0.001 -14"><span class='ocrx_word' id='word_1_107' title='bbox 226 1426 581 1489; x_wconf 90' lang='lat' dir='ltr'><strong>potentissima.</strong></span> <span class='ocrx_word' id='word_1_108' title='bbox 655 1426 910 1489; x_wconf 89' lang='lat' dir='ltr'><strong>occupatis</strong></span> <span class='ocrx_word' id='word_1_109' title='bbox 934 1425 1092 1489; x_wconf 89' lang='lat' dir='ltr'><strong>igitur,</strong></span> <span class='ocrx_word' id='word_1_110' title='bbox 1111 1425 1220 1489; x_wconf 91' lang='lat' dir='ltr'><strong>quis</strong></span> <span class='ocrx_word' id='word_1_111' title='bbox 1245 1425 1589 1489; x_wconf 85' lang='lat' dir='ltr'><strong>praediximus,</strong></span> <span class='ocrx_word' id='word_1_112' title='bbox 1611 1425 1732 1474; x_wconf 92' lang='lat' dir='ltr'><strong>locis</strong></span> <span class='ocrx_word' id='word_1_113' title='bbox 1757 1425 1900 1474; x_wconf 86' lang='lat' dir='ltr'><strong>finiti-</strong></span> 
     </span>
     <span class='ocr_line' id='line_1_16' title="bbox 228 1506 1974 1568; baseline -0.001 -13"><span class='ocrx_word' id='word_1_114' title='bbox 228 1524 337 1556; x_wconf 92' lang='lat' dir='ltr'><strong>mos</strong></span> <span class='ocrx_word' id='word_1_115' title='bbox 362 1506 524 1556; x_wconf 91' lang='lat' dir='ltr'><strong>omnis</strong></span> <span class='ocrx_word' id='word_1_116' title='bbox 548 1515 633 1555; x_wconf 89' lang='lat' dir='ltr'><strong>aut</strong></span> <span class='ocrx_word' id='word_1_117' title='bbox 652 1507 784 1556; x_wconf 91' lang='lat' dir='ltr'><strong>bello</strong></span> <span class='ocrx_word' id='word_1_118' title='bbox 805 1506 999 1555; x_wconf 91' lang='lat' dir='ltr'><strong>domuit</strong></span> <span class='ocrx_word' id='word_1_119' title='bbox 1022 1515 1107 1555; x_wconf 92' lang='lat' dir='ltr'><strong>aut</strong></span> <span class='ocrx_word' id='word_1_120' title='bbox 1132 1506 1512 1556; x_wconf 90' lang='lat' dir='ltr'><strong>condicionibus</strong></span> <span class='ocrx_word' id='word_1_121' title='bbox 1537 1506 1652 1555; x_wconf 92' lang='lat' dir='ltr'><strong>iuris</strong></span> <span class='ocrx_word' id='word_1_122' title='bbox 1672 1506 1748 1556; x_wconf 94' lang='lat' dir='ltr'><strong>sui</strong></span> <span class='ocrx_word' id='word_1_123' title='bbox 1766 1507 1894 1556; x_wconf 90' lang='lat' dir='ltr'><strong>fecit.</strong></span> <span class='ocrx_word' id='word_1_124' title='bbox 1928 1527 1974 1568; x_wconf 88' lang='lat'><strong>15</strong></span> 
     </span>
    </p>

    <p class='ocr_par' dir='ltr' id='par_1_5' title="bbox 106 1586 1991 1976">
     <span class='ocr_line' id='line_1_17' title="bbox 106 1586 1898 1651; baseline 0.002 -18"><span class='ocrx_word' id='word_1_125' title='bbox 106 1598 204 1645; x_wconf 86' lang='lat'><strong>109</strong></span> <span class='ocrx_word' id='word_1_126' title='bbox 297 1589 491 1651; x_wconf 90' lang='lat' dir='ltr'><strong>Corpus</strong></span> <span class='ocrx_word' id='word_1_127' title='bbox 528 1587 603 1636; x_wconf 88' lang='lat' dir='ltr'><strong>sui</strong></span> <span class='ocrx_word' id='word_1_128' title='bbox 639 1586 997 1636; x_wconf 91' lang='lat' dir='ltr'><strong>incustoditum</strong></span> <span class='ocrx_word' id='word_1_129' title='bbox 1030 1594 1142 1636; x_wconf 87' lang='lat' dir='ltr'><strong>ante</strong></span> <span class='ocrx_word' id='word_1_130' title='bbox 1176 1587 1363 1651; x_wconf 90' lang='lat' dir='ltr'><strong>imperi,</strong></span> <span class='ocrx_word' id='word_1_131' title='bbox 1385 1587 1634 1651; x_wconf 88' lang='lat' dir='ltr'><strong>perpetuis</strong></span> <span class='ocrx_word' id='word_1_132' title='bbox 1659 1587 1898 1637; x_wconf 87' lang='lat' dir='ltr'><strong>exercitiis</strong></span> 
     </span>
     <span class='ocr_line' id='line_1_18' title="bbox 227 1667 1897 1732; baseline -0.001 -14"><span class='ocrx_word' id='word_1_133' title='bbox 227 1685 386 1732; x_wconf 89' lang='lat' dir='ltr'><strong>paene</strong></span> <span class='ocrx_word' id='word_1_134' title='bbox 418 1670 483 1718; x_wconf 88' lang='lat' dir='ltr'><strong>ad</strong></span> <span class='ocrx_word' id='word_1_135' title='bbox 513 1671 773 1717; x_wconf 91' lang='lat' dir='ltr'><strong>Romanae</strong></span> <span class='ocrx_word' id='word_1_136' title='bbox 805 1667 1095 1731; x_wconf 91' lang='lat' dir='ltr'><strong>disciplinae</strong></span> <span class='ocrx_word' id='word_1_137' title='bbox 1130 1670 1340 1717; x_wconf 88' lang='lat' dir='ltr'><strong>formam</strong></span> <span class='ocrx_word' id='word_1_138' title='bbox 1375 1669 1644 1728; x_wconf 92' lang='lat' dir='ltr'><strong>redactum,</strong></span> <span class='ocrx_word' id='word_1_139' title='bbox 1672 1668 1811 1718; x_wconf 91' lang='lat' dir='ltr'><strong>breui</strong></span> <span class='ocrx_word' id='word_1_140' title='bbox 1846 1669 1897 1717; x_wconf 90' lang='lat' dir='ltr'><strong>in</strong></span> 
     </span>
     <span class='ocr_line' id='line_1_19' title="bbox 228 1750 1899 1814; baseline 0 -15"><span class='ocrx_word' id='word_1_141' title='bbox 228 1751 451 1800; x_wconf 91' lang='lat' dir='ltr'><strong>eminens</strong></span> <span class='ocrx_word' id='word_1_142' title='bbox 477 1759 526 1799; x_wconf 94' lang='lat' dir='ltr'><strong>et</strong></span> <span class='ocrx_word' id='word_1_143' title='bbox 550 1760 719 1800; x_wconf 90' lang='lat' dir='ltr'><strong>nostro</strong></span> <span class='ocrx_word' id='word_1_144' title='bbox 745 1767 946 1814; x_wconf 89' lang='lat' dir='ltr'><strong>quoque</strong></span> <span class='ocrx_word' id='word_1_145' title='bbox 970 1750 1177 1814; x_wconf 91' lang='lat' dir='ltr'><strong>imperio</strong></span> <span class='ocrx_word' id='word_1_146' title='bbox 1203 1750 1480 1799; x_wconf 89' lang='lat' dir='ltr'><strong>timendum</strong></span> <span class='ocrx_word' id='word_1_147' title='bbox 1512 1750 1739 1814; x_wconf 88' lang='lat' dir='ltr'><strong>perduxit</strong></span> <span class='ocrx_word' id='word_1_148' title='bbox 1769 1751 1899 1800; x_wconf 88' lang='lat' dir='ltr'><strong>fasti-</strong></span> 
     </span>
     <span class='ocr_line' id='line_1_20' title="bbox 226 1830 1897 1895; baseline 0.001 -16"><span class='ocrx_word' id='word_1_149' title='bbox 226 1831 362 1895; x_wconf 92' lang='lat' dir='ltr'><strong>gium</strong></span> <span class='ocrx_word' id='word_1_150' title='bbox 394 1831 694 1895; x_wconf 88' lang='lat' dir='ltr'><strong>gerebatque</strong></span> <span class='ocrx_word' id='word_1_151' title='bbox 726 1848 779 1880; x_wconf 91' lang='lat' dir='ltr'><strong>se</strong></span> <span class='ocrx_word' id='word_1_152' title='bbox 810 1830 878 1879; x_wconf 89' lang='lat' dir='ltr'><strong>ita</strong></span> <span class='ocrx_word' id='word_1_153' title='bbox 913 1833 1150 1880; x_wconf 90' lang='lat' dir='ltr'><strong>aduersus</strong></span> <span class='ocrx_word' id='word_1_154' title='bbox 1177 1834 1448 1891; x_wconf 88' lang='lat' dir='ltr'><strong>Romanos,</strong></span> <span class='ocrx_word' id='word_1_155' title='bbox 1476 1840 1530 1880; x_wconf 95' lang='lat' dir='ltr'><strong>ut</strong></span> <span class='ocrx_word' id='word_1_156' title='bbox 1564 1848 1729 1895; x_wconf 90' lang='lat' dir='ltr'><strong>neque</strong></span> <span class='ocrx_word' id='word_1_157' title='bbox 1765 1833 1897 1882; x_wconf 93' lang='lat' dir='ltr'><strong>bello</strong></span> 
     </span>
     <span class='ocr_line' id='line_1_21' title="bbox 227 1911 1991 1976; baseline 0.001 -15"><span class='ocrx_word' id='word_1_158' title='bbox 227 1930 319 1962; x_wconf 92' lang='lat' dir='ltr'><strong>nos</strong></span> <span class='ocrx_word' id='word_1_159' title='bbox 344 1914 593 1972; x_wconf 85' lang='lat' dir='ltr'><strong>lacesseret,</strong></span> <span class='ocrx_word' id='word_1_160' title='bbox 620 1919 668 1960; x_wconf 87' lang='lat' dir='ltr'><strong>et</strong></span> <span class='ocrx_word' id='word_1_161' title='bbox 685 1913 734 1961; x_wconf 80' lang='lat' dir='ltr'><strong>si</strong></span> <span class='ocrx_word' id='word_1_162' title='bbox 752 1914 1082 1973; x_wconf 90' lang='lat' dir='ltr'><strong>lacesseretur,</strong></span> <span class='ocrx_word' id='word_1_163' title='bbox 1110 1929 1365 1976; x_wconf 89' lang='lat' dir='ltr'><strong>superesse</strong></span> <span class='ocrx_word' id='word_1_164' title='bbox 1389 1912 1484 1961; x_wconf 88' lang='lat' dir='ltr'><strong>sibi</strong></span> <span class='ocrx_word' id='word_1_165' title='bbox 1507 1911 1610 1961; x_wconf 91' lang='lat' dir='ltr'><strong>uim</strong></span> <span class='ocrx_word' id='word_1_166' title='bbox 1638 1930 1697 1962; x_wconf 88' lang='lat' dir='ltr'><strong>ac</strong></span> <span class='ocrx_word' id='word_1_167' title='bbox 1725 1915 1899 1962; x_wconf 91' lang='lat' dir='ltr'><strong>uolun-</strong></span> <span class='ocrx_word' id='word_1_168' title='bbox 1925 1933 1991 1970; x_wconf 51' lang='lat'><strong>³0¹</strong></span> 
     </span>
    </p>

    <p class='ocr_par' dir='ltr' id='par_1_6' title="bbox 184 1992 1895 2057">
     <span class='ocr_line' id='line_1_22' title="bbox 184 1992 1895 2057; baseline 0.001 -15"><span class='ocrx_word' id='word_1_169' title='bbox 184 2010 202 2037; x_wconf 92' lang='lat'><strong>2</strong></span> <span class='ocrx_word' id='word_1_170' title='bbox 228 2002 379 2042; x_wconf 90' lang='lat' dir='ltr'><strong>tatem</strong></span> <span class='ocrx_word' id='word_1_171' title='bbox 399 1992 658 2042; x_wconf 91' lang='lat' dir='ltr'><strong>resistendi</strong></span> <span class='ocrx_word' id='word_1_172' title='bbox 676 1995 945 2042; x_wconf 86' lang='lat' dir='ltr'><strong>ostenderet.</strong></span> <span class='ocrx_word' id='word_1_173' title='bbox 996 1993 1155 2057; x_wconf 89' lang='lat' dir='ltr'><strong>legati,</strong></span> <span class='ocrx_word' id='word_1_174' title='bbox 1175 2010 1300 2057; x_wconf 91' lang='lat' dir='ltr'><strong>quos</strong></span> <span class='ocrx_word' id='word_1_175' title='bbox 1319 1993 1546 2042; x_wconf 91' lang='lat' dir='ltr'><strong>mittebat</strong></span> <span class='ocrx_word' id='word_1_176' title='bbox 1563 1995 1628 2044; x_wconf 91' lang='lat' dir='ltr'><strong>ad</strong></span> <span class='ocrx_word' id='word_1_177' title='bbox 1645 1995 1895 2056; x_wconf 89' lang='lat' dir='ltr'><strong>Caesares,</strong></span> 
     </span>
    </p>
   </div>
   <div class='ocr_carea' id='block_1_3' title="bbox 159 2122 1901 3100">
    <p class='ocr_par' dir='ltr' id='par_1_7' title="bbox 224 2122 1901 2446">
     <span class='ocr_line' id='line_1_23' title="bbox 280 2122 1896 2173; baseline 0.002 -12"><span class='ocrx_word' id='word_1_178' title='bbox 280 2138 306 2173; x_wconf 89' lang='lat'>4</span> <span class='ocrx_word' id='word_1_179' title='bbox 336 2122 702 2162; x_wconf 86' lang='lat' dir='ltr'><strong>Marcomanorum</strong></span> <span class='ocrx_word' id='word_1_180' title='bbox 722 2122 765 2160; x_wconf 94' lang='lat' dir='ltr'><em>P</em></span> <span class='ocrx_word' id='word_1_181' title='bbox 846 2123 1104 2162; x_wconf 88' lang='lat' dir='ltr'><strong>Maraboduo</strong></span> <span class='ocrx_word' id='word_1_182' title='bbox 1125 2122 1168 2162; x_wconf 87' lang='lat' dir='ltr'><em>A</em></span> <span class='ocrx_word' id='word_1_183' title='bbox 1293 2135 1318 2173; x_wconf 90' lang='lat'>5</span> <span class='ocrx_word' id='word_1_184' title='bbox 1348 2123 1425 2164; x_wconf 89' lang='lat' dir='ltr'><strong>int.</strong></span> <span class='ocrx_word' id='word_1_185' title='bbox 1453 2123 1666 2165; x_wconf 80' lang='lat' dir='ltr'><strong>Gelenius:</strong></span> <span class='ocrx_word' id='word_1_186' title='bbox 1695 2125 1896 2165; x_wconf 88' lang='lat' dir='ltr'><strong>inferiora</strong></span> 
     </span>
     <span class='ocr_line' id='line_1_24' title="bbox 225 2177 1892 2231; baseline 0.002 -15"><span class='ocrx_word' id='word_1_187' title='bbox 225 2177 315 2217; x_wconf 89' lang='grc' dir='ltr'><strong>ΑΡ</strong></span> <span class='ocrx_word' id='word_1_188' title='bbox 504 2178 722 2217; x_wconf 89' lang='lat' dir='ltr'><strong>Herciniae</strong></span> <span class='ocrx_word' id='word_1_189' title='bbox 743 2178 865 2216; x_wconf 90' lang='lat' dir='ltr'><strong>siluae</strong></span> <span class='ocrx_word' id='word_1_190' title='bbox 885 2177 993 2218; x_wconf 89' lang='lat' dir='ltr'><strong>AP:</strong></span> <span class='ocrx_word' id='word_1_191' title='bbox 1036 2192 1078 2217; x_wconf 89' lang='lat' dir='ltr'><strong>-a</strong></span> <span class='ocrx_word' id='word_1_192' title='bbox 1106 2191 1150 2217; x_wconf 88' lang='lat' dir='ltr'><strong>·a</strong></span> <span class='ocrx_word' id='word_1_193' title='bbox 1168 2177 1369 2217; x_wconf 83' lang='lat' dir='ltr'><strong>Heinsius</strong></span> <span class='ocrx_word' id='word_1_194' title='bbox 1562 2191 1583 2228; x_wconf 92' lang='lat'><strong>7</strong></span> <span class='ocrx_word' id='word_1_195' title='bbox 1615 2179 1761 2231; x_wconf 90' lang='lat' dir='ltr'><strong>debet]</strong></span> <span class='ocrx_word' id='word_1_196' title='bbox 1783 2181 1828 2228; x_wconf 85' lang='lat' dir='ltr'><strong>d3</strong></span> <span class='ocrx_word' id='word_1_197' title='bbox 1849 2180 1892 2218; x_wconf 89' lang='lat' dir='ltr'><em>A</em></span> 
     </span>
     <span class='ocr_line' id='line_1_25' title="bbox 225 2231 1901 2284; baseline 0.002 -14"><span class='ocrx_word' id='word_1_198' title='bbox 225 2233 252 2270; x_wconf 89' lang='lat'>8</span> <span class='ocrx_word' id='word_1_199' title='bbox 281 2231 398 2282; x_wconf 84' lang='lat' dir='ltr'><strong>preu.</strong></span> <span class='ocrx_word' id='word_1_200' title='bbox 430 2231 473 2269; x_wconf 92' lang='lat' dir='ltr'><em>A</em></span> <span class='ocrx_word' id='word_1_201' title='bbox 645 2245 696 2271; x_wconf 90' lang='lat'><strong>10</strong></span> <span class='ocrx_word' id='word_1_202' title='bbox 724 2233 964 2281; x_wconf 89' lang='lat' dir='ltr'><strong>parentium</strong></span> <span class='ocrx_word' id='word_1_203' title='bbox 992 2231 1103 2272; x_wconf 90' lang='lat' dir='ltr'><em>BA.</em></span> <span class='ocrx_word' id='word_1_204' title='bbox 1094 2247 1103 2255; x_wconf 94' lang='lat'><strong>·</strong></span> <span class='ocrx_word' id='word_1_205' title='bbox 1143 2238 1368 2282; x_wconf 89' lang='lat' dir='ltr'><strong>parentum</strong></span> <span class='ocrx_word' id='word_1_206' title='bbox 1394 2232 1438 2271; x_wconf 94' lang='lat' dir='ltr'><em>P</em></span> <span class='ocrx_word' id='word_1_207' title='bbox 1601 2246 1646 2271; x_wconf 92' lang='lat'><strong>11</strong></span> <span class='ocrx_word' id='word_1_208' title='bbox 1681 2241 1760 2284; x_wconf 80' lang='lat' dir='ltr'><strong>cop</strong></span> <span class='ocrx_word' id='word_1_209' title='bbox 1762 2235 1786 2273; x_wconf 93' lang='lat' dir='ltr'><strong>l.</strong></span> <span class='ocrx_word' id='word_1_210' title='bbox 1810 2234 1901 2273; x_wconf 88' lang='lat' dir='ltr'><strong>AP</strong></span> 
     </span>
     <span class='ocr_line' id='line_1_26' title="bbox 229 2286 1894 2338; baseline 0.001 -13"><span class='ocrx_word' id='word_1_211' title='bbox 229 2300 278 2337; x_wconf 88' lang='lat'><strong>13</strong></span> <span class='ocrx_word' id='word_1_212' title='bbox 307 2292 484 2337; x_wconf 89' lang='lat' dir='ltr'><strong>propter</strong></span> <span class='ocrx_word' id='word_1_213' title='bbox 512 2286 625 2337; x_wconf 87' lang='lat' dir='ltr'><strong>quod</strong></span> <span class='ocrx_word' id='word_1_214' title='bbox 648 2286 828 2337; x_wconf 64' lang='lat' dir='ltr'><strong>Maduzsg</strong></span> <span class='ocrx_word' id='word_1_215' title='bbox 853 2287 1004 2326; x_wconf 87' lang='lat' dir='ltr'><strong>delebat</strong></span> <span class='ocrx_word' id='word_1_216' title='bbox 1022 2287 1220 2338; x_wconf 85' lang='lat' dir='ltr'><strong>probante</strong></span> <span class='ocrx_word' id='word_1_217' title='bbox 1254 2286 1453 2337; x_wconf 64' lang='lat' dir='ltr'><strong>Woelfflin</strong></span> <span class='ocrx_word' id='word_1_218' title='bbox 1482 2287 1650 2329; x_wconf 80' lang='lat' dir='ltr'><strong>Archiv.</strong></span> <span class='ocrx_word' id='word_1_219' title='bbox 1670 2286 1766 2329; x_wconf 85' lang='lat' dir='ltr'><strong>Lat.</strong></span> <span class='ocrx_word' id='word_1_220' title='bbox 1794 2288 1894 2329; x_wconf 89' lang='lat' dir='ltr'><strong>Lex.</strong></span> 
     </span>
     <span class='ocr_line' id='line_1_27' title="bbox 224 2339 1890 2392; baseline 0.001 -13"><span class='ocrx_word' id='word_1_221' title='bbox 224 2341 252 2381; x_wconf 90' lang='lat' dir='ltr'><strong>i.</strong></span> <span class='ocrx_word' id='word_1_222' title='bbox 279 2344 367 2391; x_wconf 88' lang='lat'><strong>163,</strong></span> <span class='ocrx_word' id='word_1_223' title='bbox 392 2347 523 2392; x_wconf 87' lang='lat' dir='ltr'><strong>nuper</strong></span> <span class='ocrx_word' id='word_1_224' title='bbox 541 2340 764 2380; x_wconf 80' lang='lat' dir='ltr'><strong>uindicauit</strong></span> <span class='ocrx_word' id='word_1_225' title='bbox 780 2339 928 2380; x_wconf 84' lang='lat' dir='ltr'><strong>Nova&#39;k</strong></span> <span class='ocrx_word' id='word_1_226' title='bbox 1094 2354 1143 2390; x_wconf 89' lang='lat'><strong>14</strong></span> <span class='ocrx_word' id='word_1_227' title='bbox 1173 2342 1268 2391; x_wconf 89' lang='lat' dir='ltr'><strong>quis</strong></span> <span class='ocrx_word' id='word_1_228' title='bbox 1285 2340 1398 2382; x_wconf 89' lang='lat' dir='ltr'><strong>BA:</strong></span> <span class='ocrx_word' id='word_1_229' title='bbox 1443 2355 1550 2392; x_wconf 93' lang='lat' dir='ltr'><strong>quos</strong></span> <span class='ocrx_word' id='word_1_230' title='bbox 1569 2341 1636 2381; x_wconf 93' lang='lat' dir='ltr'><strong>P:</strong></span> <span class='ocrx_word' id='word_1_231' title='bbox 1677 2343 1774 2392; x_wconf 90' lang='lat' dir='ltr'><strong>quis</strong></span> <span class='ocrx_word' id='word_1_232' title='bbox 1794 2357 1890 2383; x_wconf 90' lang='lat' dir='ltr'><strong>corr.</strong></span> 
     </span>
     <span class='ocr_line' id='line_1_28' title="bbox 224 2394 1893 2446; baseline 0.001 -12"><span class='ocrx_word' id='word_1_233' title='bbox 224 2409 273 2434; x_wconf 87' lang='lat' dir='ltr'><strong>ex</strong></span> <span class='ocrx_word' id='word_1_234' title='bbox 288 2409 396 2446; x_wconf 90' lang='lat' dir='ltr'><strong>quos</strong></span> <span class='ocrx_word' id='word_1_235' title='bbox 415 2395 458 2434; x_wconf 93' lang='lat' dir='ltr'><em>A</em></span> <span class='ocrx_word' id='word_1_236' title='bbox 569 2399 663 2434; x_wconf 82' lang='lat' dir='ltr'><strong>ante</strong></span> <span class='ocrx_word' id='word_1_237' title='bbox 680 2396 776 2444; x_wconf 91' lang='lat' dir='ltr'><strong>quis</strong></span> <span class='ocrx_word' id='word_1_238' title='bbox 795 2409 840 2434; x_wconf 83' lang='lat' dir='ltr'><strong>m</strong></span> <span class='ocrx_word' id='word_1_239' title='bbox 858 2395 902 2433; x_wconf 93' lang='lat' dir='ltr'><em>A</em></span> <span class='ocrx_word' id='word_1_240' title='bbox 924 2394 1099 2434; x_wconf 84' lang='lat' dir='ltr'><strong>deletum</strong></span> <span class='ocrx_word' id='word_1_241' title='bbox 1118 2399 1178 2434; x_wconf 76' lang='lat' dir='ltr'><strong>est</strong></span> <span class='ocrx_word' id='word_1_242' title='bbox 1196 2396 1262 2435; x_wconf 87' lang='lat' dir='ltr'><strong>his</strong></span> <span class='ocrx_word' id='word_1_243' title='bbox 1416 2397 1466 2435; x_wconf 90' lang='lat'><strong>16</strong></span> <span class='ocrx_word' id='word_1_244' title='bbox 1492 2396 1550 2435; x_wconf 86' lang='lat' dir='ltr'><strong>sic</strong></span> <span class='ocrx_word' id='word_1_245' title='bbox 1566 2398 1742 2437; x_wconf 78' lang='lat' dir='ltr'><strong>correxi:</strong></span> <span class='ocrx_word' id='word_1_246' title='bbox 1771 2411 1893 2436; x_wconf 90' lang='lat' dir='ltr'><strong>suum</strong></span> 
     </span>
    </p>

    <p class='ocr_par' dir='ltr' id='par_1_8' title="bbox 159 2449 1894 3100">
     <span class='ocr_line' id='line_1_29' title="bbox 159 2449 1893 2501; baseline 0.001 -13"><span class='ocrx_word' id='word_1_247' title='bbox 159 2460 165 2466; x_wconf 86' lang='lat'><em>·</em></span> <span class='ocrx_word' id='word_1_248' title='bbox 226 2451 418 2490; x_wconf 86' lang='lat' dir='ltr'><strong>custodia</strong></span> <span class='ocrx_word' id='word_1_249' title='bbox 452 2456 540 2488; x_wconf 90' lang='lat' dir='ltr'><strong>tum</strong></span> <span class='ocrx_word' id='word_1_250' title='bbox 570 2450 792 2499; x_wconf 89' lang='lat' dir='ltr'><strong>imperium</strong></span> <span class='ocrx_word' id='word_1_251' title='bbox 823 2449 936 2488; x_wconf 91' lang='lat' dir='ltr'><strong>AP.</strong></span> <span class='ocrx_word' id='word_1_252' title='bbox 979 2451 1238 2490; x_wconf 90' lang='lat' dir='ltr'><strong>custoditum</strong></span> <span class='ocrx_word' id='word_1_253' title='bbox 1273 2451 1432 2501; x_wconf 81' lang='lat' dir='ltr'><strong>‘potius</strong></span> <span class='ocrx_word' id='word_1_254' title='bbox 1460 2450 1700 2501; x_wconf 83' lang='lat' dir='ltr'><strong>legendum’</strong></span> <span class='ocrx_word' id='word_1_255' title='bbox 1732 2451 1893 2491; x_wconf 84' lang='lat' dir='ltr'><strong>Burer:</strong></span> 
     </span>
     <span class='ocr_line' id='line_1_30' title="bbox 225 2503 1894 2555; baseline 0.001 -12"><span class='ocrx_word' id='word_1_256' title='bbox 225 2505 391 2555; x_wconf 90' lang='lat' dir='ltr'><strong>Corpus</strong></span> <span class='ocrx_word' id='word_1_257' title='bbox 417 2505 482 2543; x_wconf 88' lang='lat' dir='ltr'><strong>sui</strong></span> <span class='ocrx_word' id='word_1_258' title='bbox 510 2504 704 2543; x_wconf 89' lang='lat' dir='ltr'><strong>custodia</strong></span> <span class='ocrx_word' id='word_1_259' title='bbox 730 2509 866 2544; x_wconf 85' lang='lat' dir='ltr'><strong>tutum</strong></span> <span class='ocrx_word' id='word_1_260' title='bbox 889 2503 1056 2554; x_wconf 86' lang='lat' dir='ltr'><strong>imperii</strong></span> <span class='ocrx_word' id='word_1_261' title='bbox 1075 2505 1301 2544; x_wconf 73' lang='lat' dir='ltr'><strong>Heinsius:</strong></span> <span class='ocrx_word' id='word_1_262' title='bbox 1330 2505 1378 2545; x_wconf 93' lang='lat' dir='ltr'><strong>C.</strong></span> <span class='ocrx_word' id='word_1_263' title='bbox 1400 2518 1523 2544; x_wconf 89' lang='lat' dir='ltr'><strong>suum</strong></span> <span class='ocrx_word' id='word_1_264' title='bbox 1544 2506 1736 2545; x_wconf 86' lang='lat' dir='ltr'><strong>custodia</strong></span> <span class='ocrx_word' id='word_1_265' title='bbox 1762 2507 1894 2554; x_wconf 88' lang='lat' dir='ltr'><strong>tuitus</strong></span> 
     </span>
     <span class='ocr_line' id='line_1_31' title="bbox 225 2559 1894 2610; baseline 0.001 -12"><span class='ocrx_word' id='word_1_266' title='bbox 225 2559 418 2610; x_wconf 81' lang='lat' dir='ltr'><strong>Sauppe:</strong></span> <span class='ocrx_word' id='word_1_267' title='bbox 453 2560 621 2609; x_wconf 86' lang='lat' dir='ltr'><strong>Corpus</strong></span> <span class='ocrx_word' id='word_1_268' title='bbox 646 2559 712 2597; x_wconf 91' lang='lat' dir='ltr'><strong>sui</strong></span> <span class='ocrx_word' id='word_1_269' title='bbox 740 2559 996 2598; x_wconf 86' lang='lat' dir='ltr'><strong>custoditum</strong></span> <span class='ocrx_word' id='word_1_270' title='bbox 1025 2560 1175 2609; x_wconf 90' lang='lat' dir='ltr'><strong>imperi</strong></span> <span class='ocrx_word' id='word_1_271' title='bbox 1193 2559 1324 2606; x_wconf 80' lang='lat' dir='ltr'><strong>Kritz,</strong></span> <span class='ocrx_word' id='word_1_272' title='bbox 1348 2573 1398 2597; x_wconf 84' lang='lat' dir='ltr'><strong>ex</strong></span> <span class='ocrx_word' id='word_1_273' title='bbox 1413 2560 1536 2598; x_wconf 87' lang='lat' dir='ltr'><strong>Floro</strong></span> <span class='ocrx_word' id='word_1_274' title='bbox 1555 2560 1610 2600; x_wconf 85' lang='lat' dir='ltr'><strong>iv.</strong></span> <span class='ocrx_word' id='word_1_275' title='bbox 1632 2573 1671 2610; x_wconf 84' lang='lat'><strong>3.</strong></span> <span class='ocrx_word' id='word_1_276' title='bbox 1695 2571 1731 2609; x_wconf 89' lang='grc'><strong>5,</strong></span> <span class='ocrx_word' id='word_1_277' title='bbox 1761 2561 1894 2599; x_wconf 77' lang='lat' dir='ltr'><strong>Tacito</strong></span> 
     </span>
     <span class='ocr_line' id='line_1_32' title="bbox 223 2612 1894 2664; baseline 0.001 -13"><span class='ocrx_word' id='word_1_278' title='bbox 223 2613 336 2653; x_wconf 80' lang='lat' dir='ltr'><strong>Hist.</strong></span> <span class='ocrx_word' id='word_1_279' title='bbox 360 2614 384 2653; x_wconf 89' lang='lat' dir='ltr'><strong>i.</strong></span> <span class='ocrx_word' id='word_1_280' title='bbox 415 2616 476 2664; x_wconf 92' lang='lat'><strong>16,</strong></span> <span class='ocrx_word' id='word_1_281' title='bbox 500 2612 650 2652; x_wconf 85' lang='lat' dir='ltr'><strong>Seneca</strong></span> <span class='ocrx_word' id='word_1_282' title='bbox 676 2613 724 2651; x_wconf 88' lang='lat' dir='ltr'><strong>de</strong></span> <span class='ocrx_word' id='word_1_283' title='bbox 746 2613 873 2653; x_wconf 88' lang='lat' dir='ltr'><strong>Clem.</strong></span> <span class='ocrx_word' id='word_1_284' title='bbox 895 2613 938 2653; x_wconf 89' lang='lat' dir='ltr'><strong>ii.</strong></span> <span class='ocrx_word' id='word_1_285' title='bbox 959 2627 985 2652; x_wconf 86' lang='lat'>2</span> <span class='ocrx_word' id='word_1_286' title='bbox 1014 2613 1165 2652; x_wconf 82' lang='lat' dir='ltr'><strong>adlatis</strong></span> <span class='ocrx_word' id='word_1_287' title='bbox 1191 2614 1283 2652; x_wconf 82' lang='lat' dir='ltr'><strong>locis</strong></span> <span class='ocrx_word' id='word_1_288' title='bbox 1308 2614 1381 2652; x_wconf 79' lang='lat' dir='ltr'><strong>ubi</strong></span> <span class='ocrx_word' id='word_1_289' title='bbox 1399 2627 1553 2664; x_wconf 89' lang='lat' dir='ltr'><strong>corpus</strong></span> <span class='ocrx_word' id='word_1_290' title='bbox 1573 2614 1739 2663; x_wconf 88' lang='lat' dir='ltr'><strong>imperii</strong></span> <span class='ocrx_word' id='word_1_291' title='bbox 1758 2615 1894 2654; x_wconf 88' lang='lat' dir='ltr'><strong>eodem</strong></span> 
     </span>
     <span class='ocr_line' id='line_1_33' title="bbox 226 2667 1891 2720; baseline 0.002 -14"><span class='ocrx_word' id='word_1_292' title='bbox 226 2668 348 2706; x_wconf 88' lang='lat' dir='ltr'><strong>modo</strong></span> <span class='ocrx_word' id='word_1_293' title='bbox 367 2668 519 2707; x_wconf 82' lang='lat' dir='ltr'><strong>dictum</strong></span> <span class='ocrx_word' id='word_1_294' title='bbox 539 2672 596 2706; x_wconf 86' lang='lat' dir='ltr'><strong>est</strong></span> <span class='ocrx_word' id='word_1_295' title='bbox 615 2682 625 2706; x_wconf 89' lang='lat'><strong>:</strong></span> <span class='ocrx_word' id='word_1_296' title='bbox 655 2667 822 2718; x_wconf 91' lang='lat' dir='ltr'><strong>Corpus</strong></span> <span class='ocrx_word' id='word_1_297' title='bbox 842 2681 965 2707; x_wconf 91' lang='lat' dir='ltr'><strong>suum</strong></span> <span class='ocrx_word' id='word_1_298' title='bbox 993 2669 1323 2708; x_wconf 88' lang='lat' dir='ltr'><strong>custodientium</strong></span> <span class='ocrx_word' id='word_1_299' title='bbox 1343 2669 1565 2718; x_wconf 89' lang='lat' dir='ltr'><strong>imperium</strong></span> <span class='ocrx_word' id='word_1_300' title='bbox 1585 2668 1891 2720; x_wconf 67' lang='lat' dir='ltr'><strong>Maduzjgprob.</strong></span> 
     </span>
     <span class='ocr_line' id='line_1_34' title="bbox 223 2722 1893 2774; baseline 0.002 -14"><span class='ocrx_word' id='word_1_301' title='bbox 223 2722 361 2761; x_wconf 89' lang='lat' dir='ltr'><strong>Halm</strong></span> <span class='ocrx_word' id='word_1_302' title='bbox 540 2735 591 2771; x_wconf 92' lang='lat'><strong>19</strong></span> <span class='ocrx_word' id='word_1_303' title='bbox 618 2723 881 2773; x_wconf 87' lang='lat' dir='ltr'><strong>gerebatque</strong></span> <span class='ocrx_word' id='word_1_304' title='bbox 899 2722 958 2768; x_wconf 92' lang='lat' dir='ltr'><strong>A,</strong></span> <span class='ocrx_word' id='word_1_305' title='bbox 990 2723 1110 2762; x_wconf 89' lang='lat' dir='ltr'><strong>rebat</strong></span> <span class='ocrx_word' id='word_1_306' title='bbox 1129 2722 1303 2761; x_wconf 84' lang='lat' dir='ltr'><strong>deletum</strong></span> <span class='ocrx_word' id='word_1_307' title='bbox 1322 2727 1380 2761; x_wconf 82' lang='lat' dir='ltr'><strong>est</strong></span> <span class='ocrx_word' id='word_1_308' title='bbox 1396 2723 1438 2761; x_wconf 84' lang='lat' dir='ltr'><strong>in</strong></span> <span class='ocrx_word' id='word_1_309' title='bbox 1457 2722 1500 2760; x_wconf 93' lang='lat' dir='ltr'><em>A</em></span> <span class='ocrx_word' id='word_1_310' title='bbox 1523 2727 1616 2762; x_wconf 88' lang='lat' dir='ltr'><strong>ante</strong></span> <span class='ocrx_word' id='word_1_311' title='bbox 1635 2725 1893 2774; x_wconf 87' lang='lat' dir='ltr'><strong>gerebatque</strong></span> 
     </span>
     <span class='ocr_line' id='line_1_35' title="bbox 223 2776 1893 2828; baseline 0.002 -14"><span class='ocrx_word' id='word_1_312' title='bbox 223 2789 277 2815; x_wconf 87' lang='lat'><strong>20</strong></span> <span class='ocrx_word' id='word_1_313' title='bbox 305 2777 552 2825; x_wconf 87' lang='lat' dir='ltr'><strong>lacesseret,</strong></span> <span class='ocrx_word' id='word_1_314' title='bbox 572 2781 615 2815; x_wconf 88' lang='lat' dir='ltr'><strong>at</strong></span> <span class='ocrx_word' id='word_1_315' title='bbox 634 2778 671 2815; x_wconf 94' lang='lat' dir='ltr'><strong>si</strong></span> <span class='ocrx_word' id='word_1_316' title='bbox 695 2778 898 2828; x_wconf 82' lang='lat' dir='ltr'><strong>suppleuit</strong></span> <span class='ocrx_word' id='word_1_317' title='bbox 921 2776 1155 2816; x_wconf 82' lang='lat' dir='ltr'><strong>Rhenanus</strong></span> <span class='ocrx_word' id='word_1_318' title='bbox 1318 2790 1368 2816; x_wconf 83' lang='lat'><strong>21</strong></span> <span class='ocrx_word' id='word_1_319' title='bbox 1400 2778 1647 2817; x_wconf 89' lang='lat' dir='ltr'><strong>ostenderet</strong></span> <span class='ocrx_word' id='word_1_320' title='bbox 1666 2777 1761 2818; x_wconf 88' lang='lat' dir='ltr'><strong>add.</strong></span> <span class='ocrx_word' id='word_1_321' title='bbox 1781 2778 1893 2817; x_wconf 89' lang='lat' dir='ltr'><strong>Bur-</strong></span> 
     </span>
     <span class='ocr_line' id='line_1_36' title="bbox 226 2831 1893 2882; baseline 0.002 -14"><span class='ocrx_word' id='word_1_322' title='bbox 226 2844 381 2871; x_wconf 86' lang='lat' dir='ltr'><strong>mann:</strong></span> <span class='ocrx_word' id='word_1_323' title='bbox 414 2831 689 2878; x_wconf 89' lang='lat' dir='ltr'><strong>‘declararet,</strong></span> <span class='ocrx_word' id='word_1_324' title='bbox 712 2833 778 2870; x_wconf 88' lang='lat' dir='ltr'><strong>uel</strong></span> <span class='ocrx_word' id='word_1_325' title='bbox 802 2831 935 2870; x_wconf 83' lang='lat' dir='ltr'><strong>simile</strong></span> <span class='ocrx_word' id='word_1_326' title='bbox 955 2832 1168 2882; x_wconf 82' lang='lat' dir='ltr'><strong>quippiam</strong></span> <span class='ocrx_word' id='word_1_327' title='bbox 1194 2831 1258 2869; x_wconf 83' lang='lat' dir='ltr'><strong>ln&#39;c</strong></span> <span class='ocrx_word' id='word_1_328' title='bbox 1281 2831 1408 2870; x_wconf 88' lang='lat' dir='ltr'><strong>deesse</strong></span> <span class='ocrx_word' id='word_1_329' title='bbox 1426 2831 1597 2871; x_wconf 72' lang='lat' dir='ltr'><strong>uz&#39;detur.</strong></span> <span class='ocrx_word' id='word_1_330' title='bbox 1647 2845 1750 2871; x_wconf 90' lang='lat' dir='ltr'><strong>nam</strong></span> <span class='ocrx_word' id='word_1_331' title='bbox 1769 2832 1867 2871; x_wconf 80' lang='lat' dir='ltr'><strong>hic</strong></span> <span class='ocrx_word' id='word_1_332' title='bbox 1849 2847 1893 2872; x_wconf 86' lang='lat' dir='ltr'><strong>m</strong></span> 
     </span>
     <span class='ocr_line' id='line_1_37' title="bbox 222 2882 1892 2937; baseline 0.002 -15"><span class='ocrx_word' id='word_1_333' title='bbox 222 2886 446 2936; x_wconf 81' lang='lat' dir='ltr'><strong>exemplam</strong></span> <span class='ocrx_word' id='word_1_334' title='bbox 459 2882 699 2925; x_wconf 82' lang='lat' dir='ltr'><strong>lacunulam</strong></span> <span class='ocrx_word' id='word_1_335' title='bbox 715 2886 890 2924; x_wconf 78' lang='lat' dir='ltr'><strong>omissae</strong></span> <span class='ocrx_word' id='word_1_336' title='bbox 902 2885 1082 2924; x_wconf 65' lang='lat' dir='ltr'><strong>dz’diomls</strong></span> <span class='ocrx_word' id='word_1_337' title='bbox 1095 2884 1364 2936; x_wconf 78' lang='lat' dir='ltr'><strong>off‘endz&#39;mus&#39;</strong></span> <span class='ocrx_word' id='word_1_338' title='bbox 1382 2885 1642 2925; x_wconf 81' lang='lat' dir='ltr'><strong>Rhenanus:</strong></span> <span class='ocrx_word' id='word_1_339' title='bbox 1686 2892 1731 2925; x_wconf 93' lang='lat' dir='ltr'><strong>ut</strong></span> <span class='ocrx_word' id='word_1_340' title='bbox 1751 2900 1892 2937; x_wconf 90' lang='lat' dir='ltr'><strong>neque</strong></span> 
     </span>
     <span class='ocr_line' id='line_1_38' title="bbox 225 2939 1890 2990; baseline 0.002 -13"><span class='ocrx_word' id='word_1_341' title='bbox 225 2939 337 2978; x_wconf 93' lang='lat' dir='ltr'><strong>bello</strong></span> <span class='ocrx_word' id='word_1_342' title='bbox 366 2953 443 2979; x_wconf 91' lang='lat' dir='ltr'><strong>nos</strong></span> <span class='ocrx_word' id='word_1_343' title='bbox 478 2940 709 2979; x_wconf 88' lang='lat' dir='ltr'><strong>lacesseret</strong></span> <span class='ocrx_word' id='word_1_344' title='bbox 738 2945 782 2978; x_wconf 91' lang='lat' dir='ltr'><strong>et</strong></span> <span class='ocrx_word' id='word_1_345' title='bbox 810 2953 1039 2990; x_wconf 90' lang='lat' dir='ltr'><strong>superesse</strong></span> <span class='ocrx_word' id='word_1_346' title='bbox 1067 2940 1147 2979; x_wconf 89' lang='lat' dir='ltr'><strong>sibi</strong></span> <span class='ocrx_word' id='word_1_347' title='bbox 1176 2940 1261 2979; x_wconf 90' lang='lat' dir='ltr'><strong>uim</strong></span> <span class='ocrx_word' id='word_1_348' title='bbox 1291 2954 1339 2979; x_wconf 89' lang='lat' dir='ltr'><strong>ac</strong></span> <span class='ocrx_word' id='word_1_349' title='bbox 1369 2940 1631 2980; x_wconf 84' lang='lat' dir='ltr'><strong>uoluntatem</strong></span> <span class='ocrx_word' id='word_1_350' title='bbox 1662 2941 1890 2980; x_wconf 88' lang='lat' dir='ltr'><strong>resistendi</strong></span> 
     </span>
     <span class='ocr_line' id='line_1_39' title="bbox 224 2994 1891 3047; baseline 0.002 -15"><span class='ocrx_word' id='word_1_351' title='bbox 224 2995 471 3033; x_wconf 86' lang='lat' dir='ltr'><strong>ostenderet</strong></span> <span class='ocrx_word' id='word_1_352' title='bbox 497 2994 621 3032; x_wconf 81' lang='lat' dir='ltr'><strong>Kritz</strong></span> <span class='ocrx_word' id='word_1_353' title='bbox 639 3008 688 3032; x_wconf 87' lang='lat' dir='ltr'><strong>ex</strong></span> <span class='ocrx_word' id='word_1_354' title='bbox 704 2994 803 3033; x_wconf 82' lang='lat' dir='ltr'><strong>coni.</strong></span> <span class='ocrx_word' id='word_1_355' title='bbox 825 2994 1100 3044; x_wconf 71' lang='lat' dir='ltr'><strong>Rosenheym&#39;i</strong></span> <span class='ocrx_word' id='word_1_356' title='bbox 1204 2994 1374 3047; x_wconf 69' lang='lat' dir='ltr'><strong>legatos</strong></span> <span class='ocrx_word' id='word_1_357' title='bbox 1387 2995 1510 3046; x_wconf 79' lang='lat' dir='ltr'><strong>prius</strong></span> <span class='ocrx_word' id='word_1_358' title='bbox 1526 2994 1570 3032; x_wconf 91' lang='lat' dir='ltr'><em>A</em></span> <span class='ocrx_word' id='word_1_359' title='bbox 1683 2996 1891 3035; x_wconf 85' lang='lat' dir='ltr'><strong>Caesares</strong></span> 
     </span>
     <span class='ocr_line' id='line_1_40' title="bbox 223 3047 1008 3100; baseline 0.003 -13"><span class='ocrx_word' id='word_1_360' title='bbox 223 3047 266 3087; x_wconf 88' lang='lat' dir='ltr'><em>P</em></span> <span class='ocrx_word' id='word_1_361' title='bbox 280 3053 316 3087; x_wconf 85' lang='lat' dir='ltr'><strong>et</strong></span> <span class='ocrx_word' id='word_1_362' title='bbox 333 3061 428 3088; x_wconf 86' lang='lat' dir='ltr'><strong>corr.</strong></span> <span class='ocrx_word' id='word_1_363' title='bbox 453 3047 496 3086; x_wconf 91' lang='lat' dir='ltr'><em>A</em></span> <span class='ocrx_word' id='word_1_364' title='bbox 515 3062 523 3089; x_wconf 92' lang='lat'><strong>:</strong></span> <span class='ocrx_word' id='word_1_365' title='bbox 556 3049 783 3088; x_wconf 87' lang='lat' dir='ltr'><strong>Caesarem</strong></span> <span class='ocrx_word' id='word_1_366' title='bbox 802 3048 844 3087; x_wconf 91' lang='lat' dir='ltr'><em>A</em></span> <span class='ocrx_word' id='word_1_367' title='bbox 869 3062 925 3089; x_wconf 90' lang='lat' dir='ltr'><strong>m.</strong></span> <span class='ocrx_word' id='word_1_368' title='bbox 940 3055 1008 3100; x_wconf 86' lang='lat' dir='ltr'><strong>pr.</strong></span> 
     </span>
    </p>
   </div>
   <div class='ocr_carea' id='block_1_4' title="bbox 1019 3159 1095 3200">
    <p class='ocr_par' dir='ltr' id='par_1_9' title="bbox 1019 3159 1095 3200">
     <span class='ocr_line' id='line_1_41' title="bbox 1019 3159 1095 3200; baseline -0.026 0"><span class='ocrx_word' id='word_1_369' title='bbox 1019 3159 1095 3200; x_wconf 88' lang='lat'><strong>118</strong></span> 
     </span>
    </p>
   </div>
   <div class='ocr_carea' id='block_1_5' title="bbox 1978 0 2014 3392">
    <p class='ocr_par' dir='ltr' id='par_1_10' title="bbox 1978 0 2014 3392">
     <span class='ocr_line' id='line_1_42' title="bbox 1978 0 2014 3392; baseline 0 0"><span class='ocrx_word' id='word_1_370' title='bbox 1978 0 2014 3392; x_wconf 95' lang='lat' dir='ltr'><strong> </strong></span> 
     </span>
    </p>
   </div>
  </div>
 </body>
</html>
