2014 3392
841 219 1058 268 LIBER
1094 217 1149 267 II

156 365 428 423 consulem,
455 363 639 413 Caesar
668 369 851 420 autem,
877 361 1017 423 quod
1050 358 1479 408 animaduertebat
1515 375 1567 408 se
1600 360 1831 409 cedendo

15 443 42 493 ’.
75 447 86 461 ”
157 437 365 509 Pompei
402 443 585 508 gloriae
621 452 882 492 aucturum
920 458 1062 490 suam
1103 450 1152 489 et
1192 439 1382 489 inuidia
1422 440 1704 490 communis
1746 457 1832 504 po-

41 528 56 595 Ιῖ
155 527 339 577 tentiae
361 526 414 575 in
436 526 576 575 illum
605 526 818 588 relegata
849 524 1255 572 confirmaturum
1287 520 1416 570 uires
1449 539 1576 583 suas,
1605 524 1826 582 Crassus,

42 628 80 674 ’.Ι
155 619 211 659 ut
247 626 398 672 quem
439 607 770 671 principatum
807 607 941 655 solus
981 603 1191 667 adsequi
1231 621 1335 654 non
1376 613 1583 668 poterat,
1623 605 1831 654 auctori—

41 688 85 795 {A}
103 713 134 752 —5
155 700 255 740 tate
280 689 503 753 Pompei,
530 688 718 738 uiribus
742 696 931 737 teneret
956 685 1194 737 Caesaris.
1266 685 1497 735 adfinitas
1530 685 1679 735 etiam
1704 685 1832 735 inter
1852 700 1876 737 3

42 799 81 838 3
156 774 420 824 Caesarem
458 771 856 835 Pompeiumque
891 778 1146 819 contracta
1179 768 1380 832 nuptiis,
1408 767 1594 832 quippe
1625 769 1828 828 Iuliam,

39 843 82 919 ἓξ
154 854 305 903 filiam
331 856 387 905 C.
417 853 655 914 Caesaris,
683 854 775 903 Cn.
806 854 1022 915 Magnus
1047 849 1186 900 duxit
1210 867 1427 900 uxorem.
1500 849 1553 898 in
1585 850 1684 898 hoc
1716 866 1832 910 con·
1853 873 1878 910 4

41 958 82 1002 ,rr
154 939 315 986 sulatu
354 937 537 987 Caesar
577 937 738 998 legem
778 933 903 993 tulit,
941 942 996 982 ut
1030 949 1146 996 ager
1181 933 1470 996 Campanus
1505 930 1673 995 plebei
1708 930 1831 980 diui-

53 1008 83 1068 i
154 1020 364 1078 deretur,
390 1034 591 1067 suasore
614 1016 735 1080 legis
759 1015 1033 1079 Pompeio:
1069 1014 1138 1064 ita
1161 1014 1352 1064 circiter
1374 1022 1451 1062 xx
1476 1015 1614 1063 milia
1643 1012 1829 1062 ciuium

4 1119 5 1126 ¹
38 1112 132 1165 vso
153 1117 215 1150 eo
250 1101 469 1150 deducta
502 1109 551 1148 et
586 1099 662 1148 ius
697 1097 833 1147 urbis
865 1096 1145 1147 restitutum
1176 1106 1291 1160 post
1318 1113 1478 1145 annos
1508 1095 1699 1145 circiter
1723 1110 1827 1144 CL11

66 1197 77 1211 ‘⁴
151 1198 303 1245 quam
344 1182 478 1231 bello
516 1180 709 1230 Punico
748 1180 814 1228 ab
854 1178 1097 1228 Romanis
1136 1179 1312 1242 Capua
1350 1177 1403 1227 in
1443 1179 1655 1227 formam
1696 1193 1831 1240 prae-

151 1265 367 1313 fecturae
423 1265 625 1313 redacta
681 1271 796 1312 erat.
893 1260 1117 1321 Bibulus,
1166 1262 1356 1324 collega
1413 1259 1652 1320 CaesariS,
1713 1275 1828 1308 cum
1853 1282 1874 1321 5

149 1346 371 1395 actiones
412 1345 518 1395 eius
556 1345 711 1409 magis
758 1345 908 1393 uellet
948 1342 1190 1406 impedire
1227 1359 1379 1406 quam
1419 1351 1602 1406 posset,
1643 1340 1830 1390 maiore

51 1426 76 1484 s
150 1438 289 1492 parte
334 1427 454 1477 anni
500 1427 639 1477 domi
687 1444 740 1476 se
781 1425 969 1475 tenuit:
1020 1441 1122 1488 quo
1163 1427 1296 1474 facto
1337 1427 1460 1474 dum
1500 1440 1679 1488 augere
1720 1425 1829 1472 uult

50 1559 54 1561 a
105 1523 129 1564 5
150 1510 392 1560 inuidiam
428 1512 661 1573 collegae,
692 1508 827 1558 auxit
861 1507 1150 1571 potentiam.
1223 1516 1330 1556 tum
1364 1506 1565 1558 Caesari
1600 1508 1830 1556 decretae

148 1591 199 1641 in
225 1591 623 1656 quinquennium
650 1590 854 1641 Galliae.

218 1677 312 1724 Per
357 1674 492 1724 idem
539 1683 738 1737 tempus
785 1675 838 1722 P.
885 1671 1109 1733 Clodius,
1153 1673 1309 1722 homo
1355 1671 1553 1732 nobilis,
1598 1671 1825 1732 disertus,
1851 1686 1917 1734 45

148 1758 325 1817 audax,
368 1756 556 1820 quique
605 1754 808 1805 dicendi
857 1771 1022 1818 neque
1074 1753 1293 1804 faciendi
1339 1755 1497 1802 ullum
1539 1753 1635 1802 nisi
1676 1770 1828 1817 quem

148 1840 299 1888 uellet
323 1848 492 1888 nosset
517 1839 741 1898 modum,
762 1838 1006 1886 malorum
1025 1836 1394 1900 propositorum
1419 1845 1676 1885 exsecutor
1699 1853 1830 1885 acer-

44 1918 50 1984 ,’
97 1944 119 1955 -·
149 1920 316 1981 rimus,
343 1920 540 1970 infamis
572 1919 721 1969 etiam
755 1918 934 1968 sororis
967 1927 1137 1982 stupro
1170 1927 1219 1967 et
1250 1927 1390 1967 actus
1422 1917 1599 1967 incesti
1622 1935 1734 1968 reus
1759 1919 1827 1968 ob

147 2002 325 2052 initum
350 2002 478 2052 inter
500 2001 866 2066 religiosissima
893 1999 1067 2064 populi
1092 1999 1311 2049 Romani
1344 2017 1481 2049 sacra
1511 2001 1825 2062 adulterium,

146 2101 262 2134 cum
302 2084 464 2148 grauis
506 2082 788 2133 inimicitias
826 2099 942 2132 cum
986 2084 1057 2131 M.
1098 2081 1342 2132 Cicerone
1390 2091 1637 2131 exerceret
1680 2082 1825 2149 (quid

145 2166 279 2216 enim
303 2166 431 2216 inter
454 2177 555 2215 tam
581 2164 833 2215 dissimilis
870 2164 1089 2213 amicum
1122 2180 1231 2213 esse
1262 2173 1455 2227 poterat
1471 2163 1513 2229 Ρ)
1540 2173 1589 2213 et
1621 2181 1652 2214 a
1682 2165 1828 2228 patri-

145 2248 239 2298 bus
261 2250 327 2299 ad
351 2249 550 2312 plebem
575 2246 842 2307 transisset,
863 2248 1023 2310 legem
1047 2245 1099 2294 in
1124 2245 1377 2295 tribunatu
1402 2245 1527 2307 tulit,
1549 2246 1636 2310 qui
1660 2247 1823 2297 ciuem

95 2344 122 2387 ε
146 2331 432 2380 Romanum
483 2347 577 2379 non
625 2331 918 2379 damnatum
965 2327 1308 2388 interemisset,
1350 2327 1395 2376 ei
1442 2345 1573 2391 aqua
1620 2338 1669 2378 et
1722 2328 1825 2393 igni

143 2411 544 2463 interdiceretur:
586 2411 728 2461 cuius
765 2410 931 2461 uerbis
973 2409 1065 2460 etsi
1100 2427 1204 2460 non
1240 2409 1593 2459 nominabatur
1629 2410 1822 2472 Cicero,

143 2504 309 2545 tamen
335 2496 470 2544 solus
493 2494 766 2558 petebatur.
827 2492 897 2542 ita
919 2492 994 2542 uir
1018 2491 1207 2556 optime
1231 2491 1434 2542 meritus
1459 2493 1523 2542 de
1547 2509 1599 2542 re
1623 2493 1826 2556 publica
1853 2518 1872 2545 2

202 2636 220 2664 1
253 2624 474 2664 consulem
495 2623 537 2662 A
616 2622 742 2664 COS.
765 2621 809 2663 P
914 2622 1158 2662 secedendo
1178 2621 1221 2660 A
1347 2635 1372 2672 4
1402 2634 1528 2672 quem
1548 2622 1664 2663 AB:
1693 2624 1767 2674 qui
1787 2624 1831 2663 P

142 2691 171 2731 5
196 2679 360 2719 uiribus
378 2678 443 2720 P:
473 2679 554 2718 uiri
576 2678 740 2718 uiribus
760 2676 851 2716 AB
1012 2679 1040 2716 6
1071 2676 1220 2716 Iuliam
1240 2676 1335 2717 add.
1360 2677 1488 2717 Orelli
1635 2678 1662 2716 8
1691 2684 1738 2718 ut
1757 2677 1825 2720 P:

141 2739 215 2774 aut
232 2733 276 2773 A
444 2747 473 2785 9
502 2746 561 2773 xx
580 2733 736 2774 ciuium
756 2732 799 2771 A
821 2748 833 2774 t
860 2733 935 2772 ‘x-x.
965 2732 1121 2772 ciuium
1138 2731 1183 2771 P
1347 2745 1399 2771 10
1427 2731 1543 2771 urbis
1558 2731 1762 2772 Heinsius
1789 2738 1828 2773 et

61 2841 69 2857 ,
142 2800 344 2855 Μαᾰκίςε
388 2802 442 2843 ab
474 2802 542 2843 his
574 2801 688 2841 AP:
730 2815 756 2841 a
790 2813 822 2840 11
857 2801 961 2841 uiris
999 2799 1047 2841 G.
1077 2799 1138 2841 A.
1172 2800 1287 2839 Koch
1426 2812 1525 2842 cur.
1556 2800 1630 2841 A:
1663 2795 1765 2844 Εἶὶι.
1786 2801 1831 2842 Ρ

145 2868 195 2897 12
222 2865 314 2897 erat
332 2870 415 2898 om,
436 2857 480 2895 A
651 2868 699 2906 14
730 2856 820 2896 uult
839 2854 930 2894 ΑΡ
1111 2855 1161 2894 18
1186 2855 1257 2906 qui
1279 2867 1420 2906 neque
1442 2854 1727 2898 Vascosanus:
1756 2856 1831 2897 sed

38 2912 70 2969 ζ’
142 2912 417 2965 anastrophen
449 2912 664 2964 negatiuae
692 2910 834 2950 Velleio
874 2909 1100 2950 uindicaui!
1138 2909 1186 2951 G.
1217 2909 1260 2948 A
1308 2910 1422 2950 Koch
1534 2909 1576 2949 ill
1611 2910 1699 2963 deL,
1733 2912 1825 2952 dein

63 2978 67 2981 ·
143 2965 272 3007 ullum
288 2964 332 3006 A
451 2979 501 3017 ¹9
527 2972 735 3006 executor
753 2964 844 3004 ΑΡ
949 2977 1003 3004 22
1032 2977 1187 3015 graues
1207 2963 1299 3003 ΑΡ
1405 2978 1458 3016 23
1488 2965 1719 3006 dissimiles
1738 2965 1830 3006 ΑΡ

38 3061 40 3068 ,
142 3031 195 3071 25
224 3034 311 3062 non
324 3020 489 3062 addidi:
513 3022 758 3061 damnatum
774 3019 865 3059 ΑΡ
877 3034 888 3061 :
908 3020 1200 3059 indemnatum
1216 3018 1432 3059 Puteanus
1542 3020 1582 3059 ei
1607 3020 1796 3062 Gelenius
1814 3036 1824 3062 τ

78 3089 83 3091 Α
142 3075 306 3118 etAP:
327 3082 374 3116 ut
388 3077 427 3116 ei
441 3075 608 3117 Sm'ner
621 3091 631 3118 :
639 3076 742 3127 son.
758 3075 798 3115 ei
813 3081 858 3115 ut
941 3076 996 3114 26
1014 3075 1168 3125 quibus
1181 3074 1561 3115 uerbisssurmann
1567 3076 1828 3128 probabiliter

955 3153 1011 3205 63
