2014 3392
721 229 979 277 VELLEI
1018 229 1419 279 PATERCVLI

235 363 439 413 iudicari
464 378 644 427 parem.
718 364 768 412 in
793 365 966 414 urbem
986 382 1208 414 reuersus
1227 364 1325 414 iam
1344 365 1535 429 pridem
1555 366 1793 427 debitum,
1815 368 1904 416 sed

154 430 165 444 ’
238 445 611 494 continuatione
650 446 891 494 bellorum
927 445 1134 495 dilatum
1167 463 1226 494 ex
1259 447 1528 495 Pannoniis
1563 448 1904 511 Delmatisque

239 526 336 589 egit
383 525 699 589 triumphum.
788 526 926 575 cuius
981 526 1396 589 magnificentiam
1452 527 1561 590 quis
1608 527 1808 577 miretur
1854 528 1904 576 in

191 628 214 665 3
242 610 490 658 Caesare?
551 610 776 657 fortunae
814 626 933 657 uero
971 608 1080 671 quis
1119 626 1221 658 non
1264 609 1464 658 miretur
1509 609 1907 673 indulgentiam?

238 689 423 752 quippe
461 689 622 738 omnis
665 689 1078 738 eminentissimos
1119 690 1337 738 hostium
1379 692 1531 739 duces
1572 709 1675 740 non
1717 692 1908 741 occisos
1932 707 1953 746 5

237 773 369 819 fama
397 770 623 830 narrauit,
651 771 739 818 sed
771 769 965 818 uinctos
998 759 1274 833 triumphus
1307 771 1522 820 ostendit
1539 790 1553 832 3
1602 789 1751 835 quem
1787 772 1908 820 mihi

238 851 470 914 fratrique
495 869 608 900 meo
633 851 759 900 inter
776 851 1066 915 praecipuos
1085 852 1459 916 praecipuisque
1479 853 1623 902 donis
1642 856 1908 903 adornatos

238 931 370 981 uiros
396 932 618 981 comitari
643 932 859 995 contigit.

128 1033 217 1068 122
310 1013 435 1075 Quis
478 1031 579 1063 non
622 1014 748 1063 inter
785 1014 985 1077 reliqua,
1013 1013 1193 1077 quibus
1230 1014 1484 1078 singularis
1521 1015 1794 1065 moderatio
1831 1015 1906 1064 Ti.

242 1095 466 1146 Caesaris
505 1098 665 1144 elucet
703 1105 852 1159 atque
890 1095 1088 1155 eminet,
1126 1097 1224 1144 hoc
1262 1113 1462 1159 quoque
1505 1097 1717 1158 miretur,
1757 1099 1907 1160 quod,
1936 1112 1986 1140 10
2008 1115 2014 1166 3·

243 1194 357 1225 cum
383 1177 489 1226 sine
513 1179 613 1226 ulla
637 1177 946 1226 dubitatione
971 1187 1161 1240 septem
1187 1177 1461 1241 triumphos
1487 1179 1729 1239 meruerit,
1757 1178 1911 1227 tribus

244 1267 506 1307 contentus
554 1258 734 1307 fuerit?
826 1257 935 1321 quis
983 1257 1116 1306 enim
1176 1258 1402 1308 dubitare
1448 1269 1624 1322 potest,
1675 1259 1795 1323 quin
1854 1277 1913 1308 ex

242 1339 480 1388 Armenia
503 1349 699 1402 recepta
723 1348 772 1387 et
796 1356 856 1388 ex
879 1355 991 1402 rege
1015 1331 1295 1402 praeposito
1312 1339 1370 1399 ei,
1393 1339 1531 1388 cuius
1551 1340 1699 1404 capiti
1723 1340 1913 1404 insigne

242 1421 431 1484 regium
470 1438 558 1469 sua
595 1438 746 1469 manu
785 1420 1098 1484 imposuerat,
1139 1420 1476 1484 ordinatisque
1514 1422 1659 1471 rebus
1699 1421 1914 1472 Orientis
2006 1462 2014 1482 ἦ

247 1519 403 1551 ouans
439 1501 740 1565 triumphare
776 1501 1014 1561 debuerit,
1042 1511 1090 1550 et
1128 1501 1503 1550 Vindelicorum
1543 1505 1915 1566 Raetorumque
1942 1499 2014 1560 15ἶ

199 1610 219 1638 2
246 1584 405 1633 uictor
430 1602 571 1633 curru
596 1584 769 1632 urbem
795 1583 1020 1646 ingredi?
1068 1583 1231 1631 fractis
1256 1583 1438 1633 deinde
1458 1594 1569 1647 post
1593 1584 1914 1648 adoptionem

248 1665 484 1715 continua
509 1664 686 1714 trienni
722 1664 894 1712 militia
930 1664 1225 1713 Germaniae
1260 1664 1446 1713 uiribus
1483 1664 1616 1714 idem
1652 1665 1721 1713 illi
1757 1667 1917 1715 honor

249 1757 297 1796 et
339 1748 636 1796 deferendus
675 1755 723 1794 et
762 1744 1072 1808 recipiendus
1114 1745 1294 1794 fuerit?
1360 1755 1408 1794 et
1446 1755 1558 1809 post
1594 1748 1787 1795 cladem
1824 1747 1917 1794 sub

249 1832 382 1878 Varo
412 1837 682 1891 acceptam,
713 1834 974 1890 exspectato
1004 1826 1141 1875 ocius
1178 1826 1506 1890 prosperrimo
1543 1844 1703 1876 rerum
1734 1837 1916 1876 euentu

249 1913 425 1960 eadem
464 1909 626 1959 excisa
667 1908 933 1958 Germania
970 1908 1246 1971 triumphus
1289 1908 1470 1957 summi
1511 1908 1650 1957 ducis
1691 1908 1919 1958 adornari
1945 1911 2014 1961 20}

250 1991 513 2042 debuerit?
579 1993 668 2039 sed
707 1990 757 2038 in
796 1992 893 2039 hoc
931 1989 1038 2038 uiro
1077 1989 1283 2049 nescias,
1322 1999 1486 2038 utrum
1526 1989 1679 2052 magis
1716 1989 1916 2049 mireris,

251 2075 388 2137 quod
424 2073 649 2121 laborum
686 2071 1115 2135 periculorumque
1151 2088 1345 2135 semper
1376 2071 1583 2120 excessit
1607 2073 1829 2132 modum,
1856 2089 1918 2120 an

251 2157 389 2219 quod
413 2157 659 2204 honorum
686 2153 989 2217 temperauit.

137 2254 227 2300 123
319 2235 528 2285 Venitur
551 2237 616 2284 ad
640 2245 849 2298 tempus,
876 2234 927 2283 in
952 2252 1053 2298 quo
1077 2234 1167 2283 fuit
1192 2234 1457 2298 plurimum
1491 2243 1663 2283 metus.
1738 2234 1922 2298 quippe

255 2319 437 2368 Caesar
461 2320 712 2380 Augustus
745 2333 859 2365 cum
897 2316 1250 2365 Germanicum
1286 2325 1519 2379 nepotem
1556 2332 1700 2364 suum
1737 2315 1924 2378 reliqua
1949 2332 1994 2372 25

255 2398 372 2447 belli
407 2407 709 2461 patraturum
749 2397 960 2446 misisset
1000 2397 1051 2445 in
1091 2396 1422 2456 Germaniam,
1463 2396 1719 2445 Tiberium
1756 2406 1922 2445 autem

256 2479 411 2528 filium
449 2479 683 2528 missurus
720 2487 848 2527 esset
885 2478 936 2526 in
974 2478 1223 2542 Illyricum
1258 2481 1323 2528 ad
1363 2479 1605 2527 firmanda
1639 2495 1762 2541 pace
1798 2496 1924 2542 quae

2010 379 2013 390 ι

2010 407 2014 436 ἱ

313 2625 338 2659 4
367 2612 410 2649 in
432 2611 692 2660 diligentiam
712 2609 754 2647 A
868 2621 892 2659 5
924 2610 1063 2649 omnis
1082 2610 1125 2648 A
1237 2611 1264 2647 6
1293 2615 1339 2648 ut
1359 2610 1431 2649 del.
1451 2613 1545 2648 ante
1563 2609 1672 2648 fama
1690 2608 1733 2647 A
1825 2609 1925 2647 mihi

258 2665 418 2705 Burer:
447 2665 567 2704 militi
587 2664 677 2702 ΑΡ
811 2676 833 2713 7
863 2665 1042 2714 13cipuos
1062 2664 1358 2715 precipuisque
1377 2664 1420 2702 A
1564 2678 1591 2714 9
1619 2664 1710 2702 Tib.
1731 2663 1797 2703 P:
1826 2664 1862 2701 T
1881 2664 1923 2701 A

264 2733 312 2771 13
342 2721 587 2770 praeposito
604 2719 643 2757 ei
663 2718 889 2758 Heinsius:
910 2719 1142 2770 praepositi
1159 2720 1274 2770 (pro-
1286 2719 1342 2767 P)
1355 2717 1486 2757 ABP
1596 2730 1643 2767 15
1664 2724 1927 2768 praetorum-

260 2788 344 2824 que
359 2781 557 2825 suprascr.
577 2775 915 2822 Rhaetorumque
928 2774 970 2811 A
1088 2787 1135 2824 17
1158 2773 1313 2812 trienni
1328 2774 1371 2811 A
1392 2788 1402 2812 ι
1431 2773 1600 2812 triennii
1620 2772 1663 2810 P
1770 2774 1819 2811 18
1849 2773 1927 2811 sub

262 2828 579 2880 Pzflssuprascr.
595 2828 726 2867 subA
843 2841 893 2878 19
922 2834 1171 2878 exspectato
1185 2829 1305 2867 ocius
1316 2828 1453 2866 Halm
1471 2842 1481 2867 ε
1511 2828 1639 2866 totius
1650 2826 1734 2864 BA
1755 2842 1765 2866 :
1793 2840 1928 2877 ocyus

261 2883 327 2922 P:
378 2890 479 2921 uoto
511 2884 629 2922 ocius
659 2882 909 2921 Burmann:
962 2883 1121 2922 totiens
1150 2882 1415 2921 Perizonius:
1454 2882 1636 2931 fortasse
1670 2886 1774 2920 uoto
1806 2882 1929 2920 citius

265 2938 345 2976 nisi
379 2938 445 2975 cui
465 2937 776 2988 praeferendum
817 2937 1018 2976 uidebitur
1044 2937 1157 2988 quod
1190 2937 1355 2976 Scriner
1386 2937 1483 2976 coni.
1524 2936 1675 2975 tertius
1876 2949 1930 2974 20

265 2993 521 3041 triumphum
545 2991 640 3040 ΑΡ,
663 3005 740 3032 ern.
761 2992 961 3031 Heinsius
1069 2992 1268 3031 adornari
1291 2990 1375 3028 BA
1397 3006 1407 3029 ε
1448 2992 1655 3030 adornare
1674 2989 1718 3027 P
1876 3003 1925 3028 21

266 3047 406 3085 nescis
426 3046 468 3084 A
599 3059 651 3084 22
681 3053 753 3085 aut
773 3046 862 3095 del„
885 3046 975 3085 dein
996 3059 1049 3085 an
1069 3046 1111 3084 A
1247 3057 1299 3095 25
1330 3046 1441 3085 Caes.
1462 3045 1504 3083 A
1644 3057 1696 3094 27
1726 3044 1931 3084 firmanda

266 3100 427 3140 Burer:
455 3101 671 3140 formanda
690 3101 802 3142 AP:
817 3101 997 3151 sortasse
1014 3101 1278 3141 adfirmando
1298 3100 1337 3140 h.
1352 3112 1383 3141 e.
1407 3104 1455 3139 ut
1473 3099 1712 3150 adfirmaret

1066 3176 1142 3218 134
