2014 3392
804 271 1021 320 LIBER
1058 273 1112 322 11

129 404 417 456 terribiliora
439 407 655 456 duceret.
703 468 705 470 η
728 416 783 456 ut
805 407 990 458 deinde
1013 409 1188 472 spretis
1212 411 1446 462 omnibus
1464 429 1592 477 quae
1617 415 1800 465 Caesar
1821 438 1848 476 4

20 464 30 522 =¹
68 551 70 553 Ι
126 489 475 552 postulauerat,
518 491 868 539 tantummodo
909 500 1174 541 contentus
1221 510 1322 542 una
1366 493 1561 558 legione
1602 495 1798 546 titulum

19 579 45 632 ι
130 587 195 620 ne
221 570 451 620 retineret
478 571 779 635 prouinciae,
810 571 1131 637 priuatusque
1159 573 1211 622 in
1240 575 1415 624 urbem
1452 576 1642 626 ueniret
1670 587 1720 627 et
1749 596 1802 628 se

33 655 85 720 {J
128 649 180 699 in
237 650 477 715 petitione
534 654 820 702 consulatus
875 653 1115 717 suffragiis
1168 655 1342 718 populi
1397 657 1616 706 Romani
1670 675 1803 708 com-

34 771 39 790 .
81 749 107 791 5
128 731 342 782 mitteret
378 735 657 794 decreuere,
697 744 830 784 ratus
868 735 1157 785 bellandum
1200 737 1858 802 Caesar-..mm-exerciw

35 835 39 838 ·
131 812 447 863 Rubiconem
486 814 688 864 transiit.
762 816 855 866 Cn.
883 815 1159 882 Pompeius
1196 819 1538 883 consulesque·
1551 829 1617 871 et
1646 820 1804 870 maior

36 911 38 917 ·
126 908 258 959 pars
296 904 496 946 senatus
554 894 723 946 relicta
778 881 902 951 urbe
958 913 1020 947 ac
1067 897 1252 948 deinde
1300 899 1446 949 Italia
1490 900 1802 951 transmisere

286 977 402 1025 ch1u

128 975 478 1107 maiades-ai
517 1058 741 1108 Domitio
774 1058 1166 1124 legionibusque,
1194 1061 1384 1112 Corfini
1408 1079 1536 1127 quae
1563 1081 1661 1113 una
1684 1080 1799 1113 curn
1822 1075 1891 1125 5ο

89 1166 97 1177 ·
126 1152 190 1187 eo
218 1139 424 1200 fuerant,
450 1139 651 1204 potitus,
679 1143 809 1192 duce
839 1142 1061 1208 aliisque,
1089 1144 1175 1208 qui
1191 1155 1538 1196 >conuenerant
1568 1146 1705 1197 abire
1736 1149 1802 1197 ad

128 1221 439 1285 Pompeium,
473 1224 581 1275 sine
612 1225 851 1277 dilatione
888 1227 1119 1289 dimissiS‚
1153 1241 1440 1293 persecutus
1480 1232 1802 1283 Brundisium

125 1301 194 1352 ita
217 1313 271 1353 ut
293 1317 550 1370 appareret
582 1310 729 1358 malle
760 1308 960 1373 integris
988 1311 1142 1361 ⁴rebus
1175 1321 1224 1361 et
1256 1313 1638 1364 condicionibus
1663 1315 1803 1365 finire

35 1375 38 1378 ⁴
126 1384 314 1435 bellum
330 1404 480 1452 quam
500 1389 779 1452 opprimere
787 1390 1032 1454 fugientis,
1046 1408 1162 1441 cum
1173 1401 1500 1457 transgressos
1509 1395 1804 1459 repperisset

126 1468 407 1529 consuleS‚
393 1486 445 1518 in
470 1470 644 1519 urbem
669 1470 927 1520 reuertitur
950 1471 1244 1538 redditaque
1261 1473 1458 1534 ratione
1467 1475 1802 1543 consiliorum
1828 1495 1847 1521 2

73 1562 103 1606 5
125 1566 329 1600 suorum
367 1551 418 1601 in
456 1564 631 1604 senatu
670 1565 719 1604 et
751 1554 802 1604 in
839 1555 1076 1606 contione
1110 1573 1170 1606 ac
1205 1557 1507 1608 miserrimae
1539 1559 1804 1610 necessitu-

125 1630 271 1695 dinis,
297 1650 413 1683 cum
437 1632 611 1686 alienis
634 1635 782 1686 armis
806 1637 871 1686 ad
895 1653 1032 1686 arma
1050 1628 1338 1702 compulsus
1363 1632 1506 1700 esset,
1519 1639 1802 1704 Hispanias

124 1716 612 1808 Qeuit
667 1717 1035 1768 festinationem
1093 1718 1279 1770 itineris
1338 1720 1444 1771 eius
1495 1718 1802 1786 aliquamdiu
1828 1738 1851 1776 3

126 1807 316 1848 morata
354 1799 578 1850 Massilia
600 1811 689 1861 est,
715 1802 816 1851 fide
853 1801 1028 1852 melior
1065 1819 1216 1866 quam
1254 1803 1464 1854 consilio
1495 1805 1800 1868 prudentior,

124 1876 475 1943 intempestiue
498 1881 844 1946 principalium
867 1900 1118 1933 armorum
1150 1883 1350 1934 arbitria
1372 1894 1592 1949 captam,
1619 1886 1802 1950 quibus

88 1995 96 2005 ·
125 1960 178 2010 hi
201 1978 255 2011 se
278 1962 466 2012 debent
484 1962 811 2027 interponere,
828 1963 915 2028 qui
934 1981 1036 2014 non
1055 1974 1311 2028 parentem
1330 1982 1558 2016 coercere
1575 1978 1798 2031 possunt.

31 2032 36 2102 s
124 2042 365 2093 exercitus
411 2043 610 2105 deinde,
659 2044 746 2109 qui
793 2045 888 2094 sub
935 2044 1141 2095 Afranio
1188 2045 1436 2095 consulari
1492 2064 1552 2097 ac
1606 2048 1801 2099 Petreio
1824 2065 1849 2102 4

178 2186 205 2214 ο
232 2188 329 2216 curn
362 2188 448 2215 una
480 2175 649 2227 legione
688 2189 743 2216 ne
775 2178 876 2223 (om.
911 2175 971 2229 P)
1012 2177 1182 2217 titulum
1219 2178 1409 2218 retinere
1448 2191 1491 2230 p.
1525 2178 1623 2220 ΑΡ.
1705 2180 1803 2220 Vide

126 2228 289 2271 corum.
314 2229 415 2271 Cnv.
580 2243 607 2281 3
635 2232 914 2283 priuatusque
933 2230 1047 2272 ΑΡ.
1080 2231 1271 2283 priuatus
1293 2232 1506 2273 Gelenizus
1536 2234 1731 2284 priuatus
1755 2241 1802 2274 ut

123 2283 387 2326 Mommsen:
414 2298 500 2336 que
530 2316 540 2326 .
561 2315 572 2325 .
593 2315 605 2326 .
634 2292 678 2325 et
710 2286 954 2337 ‘parta-ulus
980 2286 1089 2325 inter
1109 2299 1152 2326 se
1179 2287 1458 2337 respondentes
1484 2301 1697 2340 agnosoem
1719 2296 1807 2341 par

122 2338 206 2380 κί’
231 2338 415 2380 Thomas
427 2346 471 2392 p.
499 2352 576 2380 12:
622 2340 696 2379 sed
719 2340 858 2380 dubito
990 2341 1140 2381 uenire
1173 2340 1288 2381 AP:
1316 2343 1472 2381 correxi
1631 2357 1656 2394 4
1687 2357 1800 2384 com·

125 2394 299 2435 mittere
317 2393 419 2444 ΑΡ,
438 2408 536 2435 corr.
563 2394 751 2435 Gelonus
915 2407 941 2447 5
971 2397 1205 2436 decreuere
1223 2395 1322 2446 AP,
1343 2396 1419 2436 sed
1433 2397 1571 2437 Burer
1584 2398 1803 2438 adnotauit

32 2469 37 2484 ·
126 2451 214 2490 ‘ean
234 2453 311 2489 ud.
336 2449 395 2489 sic
419 2449 538 2489 habet
563 2454 609 2489 ut
631 2449 849 2502 legendum
874 2450 1103 2490 existumem
1131 2451 1414 2492 decreuerat!
1487 2451 1634 2503 Itaque
1651 2459 1801 2505 panm-

31 2502 35 2555 j
124 2502 255 2543 thuin
266 2502 420 2554 seoemt
443 2504 508 2544 ille
532 2505 855 2546 tantummodo.
914 2505 1211 2552 ‚decreuerau
1237 2519 1289 2545 ex
1311 2506 1386 2545 hoc
1405 2510 1545 2546 autem
1571 2507 1800 2559 infinitiuos

59 2578 62 2579 ⁷
126 2557 306 2599 uenire.
358 2560 655 2600 ‚committere
670 2558 997 2611 pendereseoemt
1138 2562 1165 2602 8
1195 2561 1458 2612 Dyrachium
1478 2561 1536 2609 A,
1559 2566 1597 2601 et
1613 2562 1671 2601 sic
1685 2573 1752 2612 51.
1779 2575 1796 2601 1

32 2621 34 2661 ff
122 2624 154 2664 9
179 2612 507 2665 legionibusque
536 2614 699 2654 Corfini
732 2627 843 2665 quae
871 2613 938 2655 P.
966 2613 1289 2666 legionibusque
1319 2616 1482 2655 Corfini
1511 2615 1582 2657 A:
1623 2617 1802 2668 legioniae

123 2665 292 2719 busque
320 2680 432 2719 quae
460 2668 574 2709 Cort'.
615 2668 757 2708 Bmter
976 2682 1028 2710 ιο
1055 2676 1348 2711 conuenerant
1383 2670 1553 2723 smpsi:
1590 2678 1800 2712 uenerant

124 2719 236 2764 AP:
267 2722 490 2764 uoluerant
513 2723 701 2764 Gelmius
841 2735 885 2763 11
918 2722 1201 2765 Brundusium
1221 2724 1312 2764 ΑΡ
1449 2738 1498 2776 ι3
1527 2725 1731 2777 fugientis
1753 2726 1796 2765 A

125 2788 267 2829 repet.
286 2776 378 2817 ΑΡ
489 2789 536 2828 ι4
566 2777 767 2819 consules
794 2777 837 2817 A
965 2779 1247 2820 reuertitur-A
1264 2784 1311 2819 ut
1326 2793 1392 2830 40.
1406 2793 1447 2830 2,
1461 2793 1525 2831 42.
1547 2794 1602 2832 3:
1622 2782 1801 2823 reuertit

383 2885 433 2926 15
461 2874 505 2915 in
538 2877 572 2926 <2
588 2877 651 2925 ut)
684 2839 927 2916 senatue‘in
958 2874 1162 2916 contione
1182 2875 1240 2924 A,
1279 2880 1326 2915 ut
1351 2876 1557 2916 omissum
1585 2890 1612 2918 a
1642 2891 1699 2919 m.
1732 2884 1791 2931 pr
1790 2910 1798 2920 .

111 2925 320 3060 ’.Ἀρ-ζ*
341 3006 370 3019 -
405 2929 884 3057 aamffkissfflc'flffi
909 2930 1054 3023 ξδ’*
1087 2930 1480 3027 ωέἱῗῗωῗέὅῗέω
1516 2930 1559 2971 ‘¹
1601 2932 1806 3028 mx?

126 3037 303 3133 ᾖ·
314 3050 443 3132 εἷπε
483 3039 502 3078 ι’
542 3043 581 3079 et
616 3039 659 3079 c'
698 3038 858 3080 Bam:
905 3039 1112 3081 Africano
1150 3039 1260 3083 ΑΡ.
1311 3040 1492 3082 Afranio
1531 3041 1668 3082 Burer
1699 3043 1797 3083 oom'.

271 3104 314 3132 ιο

937 3185 992 3241 ⁶9
