<?xml version="1.0" encoding="UTF-8"?>
<!DOCTYPE html PUBLIC "-//W3C//DTD XHTML 1.0 Transitional//EN"
    "http://www.w3.org/TR/xhtml1/DTD/xhtml1-transitional.dtd">
<html xmlns="http://www.w3.org/1999/xhtml" xml:lang="en" lang="en">
 <head>
  <title>
</title>
<meta http-equiv="Content-Type" content="text/html;charset=utf-8" />
  <meta name='ocr-system' content='tesseract 3.04.00' />
  <meta name='ocr-capabilities' content='ocr_page ocr_carea ocr_par ocr_line ocrx_word'/>
</head>
<body>
  <div class='ocr_page' id='page_1' title='image "admviniciumlibri00velluoft_0056.png"; bbox 0 0 2014 3392; ppageno 0'>
   <div class='ocr_carea' id='block_1_1' title="bbox 722 220 1419 270">
    <p class='ocr_par' dir='ltr' id='par_1_1' title="bbox 722 220 1419 270">
     <span class='ocr_line' id='line_1_1' title="bbox 722 220 1419 270; baseline 0.001 -2"><span class='ocrx_word' id='word_1_1' title='bbox 722 220 979 268; x_wconf 90' lang='lat' dir='ltr'><strong>VELLEI</strong></span> <span class='ocrx_word' id='word_1_2' title='bbox 1019 220 1419 270; x_wconf 92' lang='lat' dir='ltr'>PATERCVLI</span> 
     </span>
    </p>
   </div>
   <div class='ocr_carea' id='block_1_2' title="bbox 185 355 1916 2295">
    <p class='ocr_par' dir='ltr' id='par_1_2' title="bbox 235 355 1902 569">
     <span class='ocr_line' id='line_1_2' title="bbox 235 355 1902 420; baseline 0.001 -16"><span class='ocrx_word' id='word_1_3' title='bbox 235 372 369 405; x_wconf 90' lang='lat' dir='ltr'>anno</span> <span class='ocrx_word' id='word_1_4' title='bbox 416 357 569 405; x_wconf 88' lang='lat' dir='ltr'>ferme</span> <span class='ocrx_word' id='word_1_5' title='bbox 616 370 731 405; x_wconf 80' lang='lat' dir='ltr'>LVI:</span> <span class='ocrx_word' id='word_1_6' title='bbox 790 359 854 406; x_wconf 94' lang='lat' dir='ltr'>de</span> <span class='ocrx_word' id='word_1_7' title='bbox 901 373 1002 420; x_wconf 91' lang='lat' dir='ltr'>quo</span> <span class='ocrx_word' id='word_1_8' title='bbox 1049 356 1090 406; x_wconf 93' lang='lat' dir='ltr'>si</span> <span class='ocrx_word' id='word_1_9' title='bbox 1136 357 1246 420; x_wconf 90' lang='lat' dir='ltr'>quis</span> <span class='ocrx_word' id='word_1_10' title='bbox 1299 355 1530 420; x_wconf 89' lang='lat' dir='ltr'>ambiget,</span> <span class='ocrx_word' id='word_1_11' title='bbox 1579 367 1792 406; x_wconf 89' lang='lat' dir='ltr'>recurrat</span> <span class='ocrx_word' id='word_1_12' title='bbox 1837 360 1902 407; x_wconf 90' lang='lat' dir='ltr'>ad</span> 
     </span>
     <span class='ocr_line' id='line_1_3' title="bbox 237 437 1901 502; baseline 0 -16"><span class='ocrx_word' id='word_1_13' title='bbox 237 437 451 501; x_wconf 87' lang='lat' dir='ltr'>priorem</span> <span class='ocrx_word' id='word_1_14' title='bbox 475 440 788 487; x_wconf 90' lang='lat' dir='ltr'>consulatum</span> <span class='ocrx_word' id='word_1_15' title='bbox 808 438 927 499; x_wconf 92' lang='lat' dir='ltr'>eius,</span> <span class='ocrx_word' id='word_1_16' title='bbox 949 438 999 486; x_wconf 93' lang='lat' dir='ltr'>in</span> <span class='ocrx_word' id='word_1_17' title='bbox 1019 455 1169 502; x_wconf 91' lang='lat' dir='ltr'>quem</span> <span class='ocrx_word' id='word_1_18' title='bbox 1189 447 1379 487; x_wconf 91' lang='lat' dir='ltr'>creatus</span> <span class='ocrx_word' id='word_1_19' title='bbox 1404 448 1478 487; x_wconf 89' lang='lat' dir='ltr'>est</span> <span class='ocrx_word' id='word_1_20' title='bbox 1500 455 1635 488; x_wconf 91' lang='lat' dir='ltr'>anno</span> <span class='ocrx_word' id='word_1_21' title='bbox 1658 443 1689 490; x_wconf 85' lang='lat'>†</span> <span class='ocrx_word' id='word_1_22' title='bbox 1703 454 1870 487; x_wconf 78' lang='lat' dir='ltr'>xxxvi</span> <span class='ocrx_word' id='word_1_23' title='bbox 1893 460 1901 486; x_wconf 91' lang='lat'>:</span> 
     </span>
     <span class='ocr_line' id='line_1_4' title="bbox 237 519 784 569; baseline 0 -1"><span class='ocrx_word' id='word_1_24' title='bbox 237 519 306 568; x_wconf 92' lang='lat' dir='ltr'>ita</span> <span class='ocrx_word' id='word_1_25' title='bbox 328 519 556 569; x_wconf 89' lang='lat' dir='ltr'>dubitare</span> <span class='ocrx_word' id='word_1_26' title='bbox 579 519 784 569; x_wconf 88' lang='lat' dir='ltr'><strong>desinet.</strong></span> 
     </span>
    </p>

    <p class='ocr_par' dir='ltr' id='par_1_3' title="bbox 185 600 1906 827">
     <span class='ocr_line' id='line_1_5' title="bbox 185 600 1905 668; baseline 0 -19"><span class='ocrx_word' id='word_1_27' title='bbox 185 619 217 668; x_wconf 88' lang='lat'>5</span> <span class='ocrx_word' id='word_1_28' title='bbox 306 603 439 650; x_wconf 83' lang='lat' dir='ltr'><strong>Ante</strong></span> <span class='ocrx_word' id='word_1_29' title='bbox 477 610 673 664; x_wconf 91' lang='lat' dir='ltr'>tempus</span> <span class='ocrx_word' id='word_1_30' title='bbox 711 600 902 650; x_wconf 83' lang='lat' dir='ltr'>excisae</span> <span class='ocrx_word' id='word_1_31' title='bbox 941 600 1242 650; x_wconf 83' lang='lat' dir='ltr'>Numantiae</span> <span class='ocrx_word' id='word_1_32' title='bbox 1282 602 1530 664; x_wconf 90' lang='lat' dir='ltr'>praeclara</span> <span class='ocrx_word' id='word_1_33' title='bbox 1570 601 1621 650; x_wconf 88' lang='lat' dir='ltr'>in</span> <span class='ocrx_word' id='word_1_34' title='bbox 1659 601 1905 664; x_wconf 87' lang='lat' dir='ltr'>Hispania</span> 
     </span>
     <span class='ocr_line' id='line_1_6' title="bbox 239 681 1906 746; baseline 0 -16"><span class='ocrx_word' id='word_1_35' title='bbox 239 681 413 731; x_wconf 90' lang='lat' dir='ltr'>militia</span> <span class='ocrx_word' id='word_1_36' title='bbox 455 685 516 731; x_wconf 95' lang='lat' dir='ltr'>D.</span> <span class='ocrx_word' id='word_1_37' title='bbox 564 682 702 730; x_wconf 89' lang='lat' dir='ltr'>Bruti</span> <span class='ocrx_word' id='word_1_38' title='bbox 748 682 853 742; x_wconf 90' lang='lat' dir='ltr'>fuit,</span> <span class='ocrx_word' id='word_1_39' title='bbox 903 682 989 745; x_wconf 91' lang='lat' dir='ltr'>qui</span> <span class='ocrx_word' id='word_1_40' title='bbox 1035 682 1300 745; x_wconf 90' lang='lat' dir='ltr'>penetratis</span> <span class='ocrx_word' id='word_1_41' title='bbox 1348 683 1582 732; x_wconf 90' lang='lat' dir='ltr'>omnibus</span> <span class='ocrx_word' id='word_1_42' title='bbox 1630 682 1906 746; x_wconf 85' lang='lat' dir='ltr'>Hispaniae</span> 
     </span>
     <span class='ocr_line' id='line_1_7' title="bbox 239 763 1903 827; baseline 0 -15"><span class='ocrx_word' id='word_1_43' title='bbox 239 763 468 827; x_wconf 89' lang='lat' dir='ltr'>gentibus</span> <span class='ocrx_word' id='word_1_44' title='bbox 509 763 696 826; x_wconf 88' lang='lat' dir='ltr'>ingenti</span> <span class='ocrx_word' id='word_1_45' title='bbox 731 763 783 812; x_wconf 92' lang='lat' dir='ltr'>ui</span> <span class='ocrx_word' id='word_1_46' title='bbox 823 763 1085 812; x_wconf 90' lang='lat' dir='ltr'>hominum</span> <span class='ocrx_word' id='word_1_47' title='bbox 1120 763 1418 827; x_wconf 88' lang='lat' dir='ltr'>urbiumque</span> <span class='ocrx_word' id='word_1_48' title='bbox 1454 764 1640 827; x_wconf 91' lang='lat' dir='ltr'>potitus</span> <span class='ocrx_word' id='word_1_49' title='bbox 1681 780 1903 822; x_wconf 91' lang='lat' dir='ltr'>numero,</span> 
     </span>
    </p>

    <p class='ocr_par' dir='ltr' id='par_1_4' title="bbox 195 844 1910 1235">
     <span class='ocr_line' id='line_1_8' title="bbox 195 844 1908 908; baseline -0.001 -15"><span class='ocrx_word' id='word_1_50' title='bbox 195 866 213 893; x_wconf 88' lang='lat'><strong>2</strong></span> <span class='ocrx_word' id='word_1_51' title='bbox 239 844 384 894; x_wconf 90' lang='lat' dir='ltr'>aditis</span> <span class='ocrx_word' id='word_1_52' title='bbox 410 861 538 907; x_wconf 89' lang='lat' dir='ltr'>quae</span> <span class='ocrx_word' id='word_1_53' title='bbox 561 844 644 893; x_wconf 86' lang='lat' dir='ltr'>uix</span> <span class='ocrx_word' id='word_1_54' title='bbox 667 844 836 893; x_wconf 91' lang='lat' dir='ltr'>audita</span> <span class='ocrx_word' id='word_1_55' title='bbox 860 854 1011 905; x_wconf 91' lang='lat' dir='ltr'>erant,</span> <span class='ocrx_word' id='word_1_56' title='bbox 1040 845 1259 894; x_wconf 89' lang='lat' dir='ltr'>Gallaeci</span> <span class='ocrx_word' id='word_1_57' title='bbox 1291 861 1571 908; x_wconf 85' lang='lat' dir='ltr'>cognomen</span> <span class='ocrx_word' id='word_1_58' title='bbox 1595 845 1785 894; x_wconf 91' lang='lat' dir='ltr'>meruit.</span> <span class='ocrx_word' id='word_1_59' title='bbox 1859 855 1908 893; x_wconf 92' lang='lat' dir='ltr'>et</span> 
     </span>
     <span class='ocr_line' id='line_1_9' title="bbox 239 925 1908 989; baseline 0 -15"><span class='ocrx_word' id='word_1_60' title='bbox 239 935 354 975; x_wconf 88' lang='lat' dir='ltr'>ante</span> <span class='ocrx_word' id='word_1_61' title='bbox 390 943 505 974; x_wconf 92' lang='lat' dir='ltr'>eum</span> <span class='ocrx_word' id='word_1_62' title='bbox 534 925 705 989; x_wconf 91' lang='lat' dir='ltr'>paucis</span> <span class='ocrx_word' id='word_1_63' title='bbox 735 925 878 975; x_wconf 91' lang='lat' dir='ltr'>annis</span> <span class='ocrx_word' id='word_1_64' title='bbox 911 935 1012 974; x_wconf 89' lang='lat' dir='ltr'>tam</span> <span class='ocrx_word' id='word_1_65' title='bbox 1045 943 1273 975; x_wconf 91' lang='lat' dir='ltr'>seuerum</span> <span class='ocrx_word' id='word_1_66' title='bbox 1307 934 1333 978; x_wconf 92' lang='lat'>†</span> <span class='ocrx_word' id='word_1_67' title='bbox 1351 926 1481 976; x_wconf 92' lang='lat' dir='ltr'>illius</span> <span class='ocrx_word' id='word_1_68' title='bbox 1507 928 1568 989; x_wconf 87' lang='lat' dir='ltr'>Q.</span> <span class='ocrx_word' id='word_1_69' title='bbox 1590 926 1908 975; x_wconf 90' lang='lat' dir='ltr'>Macedonici</span> 
     </span>
     <span class='ocr_line' id='line_1_10' title="bbox 243 1006 1908 1074; baseline 0.001 -19"><span class='ocrx_word' id='word_1_70' title='bbox 243 1006 314 1074; x_wconf 91' lang='lat' dir='ltr'>[in</span> <span class='ocrx_word' id='word_1_71' title='bbox 346 1006 444 1074; x_wconf 89' lang='lat' dir='ltr'>his]</span> <span class='ocrx_word' id='word_1_72' title='bbox 469 1007 700 1070; x_wconf 88' lang='lat' dir='ltr'>gentibus</span> <span class='ocrx_word' id='word_1_73' title='bbox 732 1007 994 1071; x_wconf 90' lang='lat' dir='ltr'>imperium</span> <span class='ocrx_word' id='word_1_74' title='bbox 1019 1008 1124 1069; x_wconf 92' lang='lat' dir='ltr'>fuit,</span> <span class='ocrx_word' id='word_1_75' title='bbox 1151 1018 1219 1069; x_wconf 92' lang='lat' dir='ltr'>ut,</span> <span class='ocrx_word' id='word_1_76' title='bbox 1246 1026 1361 1058; x_wconf 92' lang='lat' dir='ltr'>cum</span> <span class='ocrx_word' id='word_1_77' title='bbox 1386 1010 1560 1058; x_wconf 91' lang='lat' dir='ltr'>urbem</span> <span class='ocrx_word' id='word_1_78' title='bbox 1586 1009 1908 1060; x_wconf 91' lang='lat' dir='ltr'>Contrebiam</span> 
     </span>
     <span class='ocr_line' id='line_1_11' title="bbox 240 1089 1910 1154; baseline 0.001 -17"><span class='ocrx_word' id='word_1_79' title='bbox 240 1089 444 1138; x_wconf 91' lang='lat' dir='ltr'>nomine</span> <span class='ocrx_word' id='word_1_80' title='bbox 501 1089 553 1137; x_wconf 91' lang='lat' dir='ltr'>in</span> <span class='ocrx_word' id='word_1_81' title='bbox 614 1089 861 1152; x_wconf 89' lang='lat' dir='ltr'>Hispania</span> <span class='ocrx_word' id='word_1_82' title='bbox 915 1099 1235 1153; x_wconf 89' lang='lat' dir='ltr'>oppugnaret,</span> <span class='ocrx_word' id='word_1_83' title='bbox 1283 1092 1450 1154; x_wconf 91' lang='lat' dir='ltr'>pulsas</span> <span class='ocrx_word' id='word_1_84' title='bbox 1496 1090 1752 1154; x_wconf 89' lang='lat' dir='ltr'>praecipiti</span> <span class='ocrx_word' id='word_1_85' title='bbox 1797 1092 1910 1139; x_wconf 92' lang='lat' dir='ltr'>loco</span> 
     </span>
     <span class='ocr_line' id='line_1_12' title="bbox 241 1170 1910 1235; baseline 0.001 -17"><span class='ocrx_word' id='word_1_86' title='bbox 241 1170 462 1234; x_wconf 91' lang='lat' dir='ltr'>quinque</span> <span class='ocrx_word' id='word_1_87' title='bbox 487 1170 704 1219; x_wconf 90' lang='lat' dir='ltr'>cohortis</span> <span class='ocrx_word' id='word_1_88' title='bbox 734 1170 1024 1234; x_wconf 90' lang='lat' dir='ltr'>legionarias</span> <span class='ocrx_word' id='word_1_89' title='bbox 1049 1173 1229 1220; x_wconf 90' lang='lat' dir='ltr'>eodem</span> <span class='ocrx_word' id='word_1_90' title='bbox 1253 1171 1477 1235; x_wconf 91' lang='lat' dir='ltr'>protinus</span> <span class='ocrx_word' id='word_1_91' title='bbox 1502 1172 1667 1222; x_wconf 91' lang='lat' dir='ltr'>subire</span> <span class='ocrx_word' id='word_1_92' title='bbox 1689 1172 1881 1221; x_wconf 91' lang='lat' dir='ltr'>iuberet</span> <span class='ocrx_word' id='word_1_93' title='bbox 1901 1191 1910 1219; x_wconf 93' lang='lat'>:</span> 
     </span>
    </p>

    <p class='ocr_par' dir='ltr' id='par_1_5' title="bbox 195 1251 1915 1791">
     <span class='ocr_line' id='line_1_13' title="bbox 195 1251 1912 1316; baseline 0.001 -16"><span class='ocrx_word' id='word_1_94' title='bbox 195 1274 218 1312; x_wconf 81' lang='lat'>3</span> <span class='ocrx_word' id='word_1_95' title='bbox 240 1251 635 1316; x_wconf 90' lang='lat' dir='ltr'>facientibusque</span> <span class='ocrx_word' id='word_1_96' title='bbox 676 1252 909 1302; x_wconf 91' lang='lat' dir='ltr'>omnibus</span> <span class='ocrx_word' id='word_1_97' title='bbox 947 1252 999 1301; x_wconf 91' lang='lat' dir='ltr'>in</span> <span class='ocrx_word' id='word_1_98' title='bbox 1034 1253 1292 1316; x_wconf 89' lang='lat' dir='ltr'>procinctu</span> <span class='ocrx_word' id='word_1_99' title='bbox 1330 1262 1638 1313; x_wconf 89' lang='lat' dir='ltr'>testamenta,</span> <span class='ocrx_word' id='word_1_100' title='bbox 1675 1255 1813 1303; x_wconf 91' lang='lat' dir='ltr'>uelut</span> <span class='ocrx_word' id='word_1_101' title='bbox 1846 1255 1912 1302; x_wconf 93' lang='lat' dir='ltr'>ad</span> 
     </span>
     <span class='ocr_line' id='line_1_14' title="bbox 240 1334 1912 1399; baseline 0 -17"><span class='ocrx_word' id='word_1_102' title='bbox 240 1343 425 1383; x_wconf 89' lang='lat' dir='ltr'>certam</span> <span class='ocrx_word' id='word_1_103' title='bbox 479 1343 690 1383; x_wconf 88' lang='lat' dir='ltr'>mortem</span> <span class='ocrx_word' id='word_1_104' title='bbox 745 1336 967 1384; x_wconf 91' lang='lat' dir='ltr'>eundum</span> <span class='ocrx_word' id='word_1_105' title='bbox 1014 1337 1153 1395; x_wconf 90' lang='lat' dir='ltr'>foret,</span> <span class='ocrx_word' id='word_1_106' title='bbox 1202 1351 1306 1384; x_wconf 94' lang='lat' dir='ltr'>non</span> <span class='ocrx_word' id='word_1_107' title='bbox 1352 1335 1611 1384; x_wconf 88' lang='lat' dir='ltr'>deterritus</span> <span class='ocrx_word' id='word_1_108' title='bbox 1656 1334 1912 1399; x_wconf 90' lang='lat' dir='ltr'>proposito</span> 
     </span>
     <span class='ocr_line' id='line_1_15' title="bbox 242 1415 1909 1480; baseline -0.002 -13"><span class='ocrx_word' id='word_1_109' title='bbox 242 1415 652 1478; x_wconf 76' lang='lat' dir='ltr'>&#39;l‘perseuerantia</span> <span class='ocrx_word' id='word_1_110' title='bbox 699 1415 853 1476; x_wconf 89' lang='lat' dir='ltr'>ducis,</span> <span class='ocrx_word' id='word_1_111' title='bbox 904 1433 1054 1480; x_wconf 90' lang='lat' dir='ltr'>quem</span> <span class='ocrx_word' id='word_1_112' title='bbox 1109 1415 1402 1465; x_wconf 90' lang='lat' dir='ltr'>moriturum</span> <span class='ocrx_word' id='word_1_113' title='bbox 1449 1416 1647 1466; x_wconf 90' lang='lat' dir='ltr'>miserat</span> <span class='ocrx_word' id='word_1_114' title='bbox 1705 1415 1909 1465; x_wconf 90' lang='lat' dir='ltr'>militem</span> 
     </span>
     <span class='ocr_line' id='line_1_16' title="bbox 241 1497 1913 1562; baseline 0 -16"><span class='ocrx_word' id='word_1_115' title='bbox 241 1497 482 1547; x_wconf 91' lang='lat' dir='ltr'>uictorem</span> <span class='ocrx_word' id='word_1_116' title='bbox 506 1497 719 1561; x_wconf 86' lang='lat' dir='ltr'>recepit:</span> <span class='ocrx_word' id='word_1_117' title='bbox 745 1507 937 1547; x_wconf 92' lang='lat' dir='ltr'>tantum</span> <span class='ocrx_word' id='word_1_118' title='bbox 957 1498 1118 1547; x_wconf 89' lang='lat' dir='ltr'>effecit</span> <span class='ocrx_word' id='word_1_119' title='bbox 1142 1498 1322 1547; x_wconf 88' lang='lat' dir='ltr'>mixtus</span> <span class='ocrx_word' id='word_1_120' title='bbox 1340 1498 1505 1548; x_wconf 89' lang='lat' dir='ltr'>timori</span> <span class='ocrx_word' id='word_1_121' title='bbox 1522 1500 1684 1562; x_wconf 92' lang='lat' dir='ltr'>pudor</span> <span class='ocrx_word' id='word_1_122' title='bbox 1701 1515 1913 1562; x_wconf 92' lang='lat' dir='ltr'>spesque</span> 
     </span>
     <span class='ocr_line' id='line_1_17' title="bbox 244 1578 1914 1642; baseline 0.001 -14"><span class='ocrx_word' id='word_1_123' title='bbox 244 1578 589 1642; x_wconf 90' lang='lat' dir='ltr'>desperatione</span> <span class='ocrx_word' id='word_1_124' title='bbox 627 1579 861 1642; x_wconf 88' lang='lat' dir='ltr'>quaesita.</span> <span class='ocrx_word' id='word_1_125' title='bbox 934 1579 1016 1628; x_wconf 94' lang='lat' dir='ltr'>hic</span> <span class='ocrx_word' id='word_1_126' title='bbox 1053 1579 1234 1629; x_wconf 91' lang='lat' dir='ltr'>uirtute</span> <span class='ocrx_word' id='word_1_127' title='bbox 1280 1597 1339 1629; x_wconf 91' lang='lat' dir='ltr'>ac</span> <span class='ocrx_word' id='word_1_128' title='bbox 1386 1580 1646 1629; x_wconf 91' lang='lat' dir='ltr'>seueritate</span> <span class='ocrx_word' id='word_1_129' title='bbox 1691 1580 1822 1640; x_wconf 91' lang='lat' dir='ltr'>facti,</span> <span class='ocrx_word' id='word_1_130' title='bbox 1865 1590 1914 1628; x_wconf 91' lang='lat' dir='ltr'>at</span> 
     </span>
     <span class='ocr_line' id='line_1_18' title="bbox 246 1659 1915 1725; baseline 0 -16"><span class='ocrx_word' id='word_1_131' title='bbox 246 1660 430 1709; x_wconf 90' lang='lat' dir='ltr'>Fabius</span> <span class='ocrx_word' id='word_1_132' title='bbox 466 1659 774 1710; x_wconf 89' lang='lat' dir='ltr'>Aemilianus</span> <span class='ocrx_word' id='word_1_133' title='bbox 812 1661 952 1710; x_wconf 90' lang='lat' dir='ltr'>Pauli</span> <span class='ocrx_word' id='word_1_134' title='bbox 988 1663 1216 1724; x_wconf 87' lang='lat' dir='ltr'>exemplo</span> <span class='ocrx_word' id='word_1_135' title='bbox 1251 1661 1542 1725; x_wconf 92' lang='lat' dir='ltr'>disciplinae</span> <span class='ocrx_word' id='word_1_136' title='bbox 1578 1661 1630 1710; x_wconf 92' lang='lat' dir='ltr'>in</span> <span class='ocrx_word' id='word_1_137' title='bbox 1668 1661 1915 1725; x_wconf 88' lang='lat' dir='ltr'>Hispania</span> 
     </span>
     <span class='ocr_line' id='line_1_19' title="bbox 245 1741 669 1791; baseline 0 -1"><span class='ocrx_word' id='word_1_138' title='bbox 245 1741 336 1790; x_wconf 86' lang='lat' dir='ltr'>fuit</span> <span class='ocrx_word' id='word_1_139' title='bbox 360 1741 669 1791; x_wconf 89' lang='lat' dir='ltr'>clarissimus.</span> 
     </span>
    </p>

    <p class='ocr_par' dir='ltr' id='par_1_6' title="bbox 186 1822 1916 2052">
     <span class='ocr_line' id='line_1_20' title="bbox 186 1822 1913 1888; baseline 0.001 -18"><span class='ocrx_word' id='word_1_140' title='bbox 186 1822 222 1868; x_wconf 90' lang='lat'>6</span> <span class='ocrx_word' id='word_1_141' title='bbox 315 1825 506 1872; x_wconf 91' lang='lat' dir='ltr'>Decem</span> <span class='ocrx_word' id='word_1_142' title='bbox 531 1823 714 1872; x_wconf 89' lang='lat' dir='ltr'>deinde</span> <span class='ocrx_word' id='word_1_143' title='bbox 737 1823 1037 1887; x_wconf 90' lang='lat' dir='ltr'>interpositis</span> <span class='ocrx_word' id='word_1_144' title='bbox 1060 1823 1217 1884; x_wconf 90' lang='lat' dir='ltr'>annis,</span> <span class='ocrx_word' id='word_1_145' title='bbox 1244 1824 1330 1888; x_wconf 92' lang='lat' dir='ltr'>qui</span> <span class='ocrx_word' id='word_1_146' title='bbox 1353 1824 1429 1873; x_wconf 93' lang='lat' dir='ltr'>Ti.</span> <span class='ocrx_word' id='word_1_147' title='bbox 1458 1825 1755 1885; x_wconf 87' lang='lat' dir='ltr'>Gracchum,</span> <span class='ocrx_word' id='word_1_148' title='bbox 1781 1824 1913 1874; x_wconf 91' lang='lat' dir='ltr'>idem</span> 
     </span>
     <span class='ocr_line' id='line_1_21' title="bbox 246 1904 1915 1968; baseline 0.001 -14"><span class='ocrx_word' id='word_1_149' title='bbox 246 1904 427 1954; x_wconf 90' lang='lat' dir='ltr'>Gaium</span> <span class='ocrx_word' id='word_1_150' title='bbox 474 1907 671 1953; x_wconf 88' lang='lat' dir='ltr'>fratrem</span> <span class='ocrx_word' id='word_1_151' title='bbox 719 1904 824 1954; x_wconf 91' lang='lat' dir='ltr'>eius</span> <span class='ocrx_word' id='word_1_152' title='bbox 871 1905 1135 1968; x_wconf 92' lang='lat' dir='ltr'>occupauit</span> <span class='ocrx_word' id='word_1_153' title='bbox 1180 1907 1326 1966; x_wconf 89' lang='lat' dir='ltr'>furor,</span> <span class='ocrx_word' id='word_1_154' title='bbox 1366 1915 1468 1954; x_wconf 90' lang='lat' dir='ltr'>tam</span> <span class='ocrx_word' id='word_1_155' title='bbox 1509 1905 1773 1955; x_wconf 91' lang='lat' dir='ltr'>uirtutibus</span> <span class='ocrx_word' id='word_1_156' title='bbox 1810 1906 1915 1955; x_wconf 91' lang='lat' dir='ltr'>eius</span> 
     </span>
     <span class='ocr_line' id='line_1_22' title="bbox 245 1985 1916 2052; baseline 0.001 -17"><span class='ocrx_word' id='word_1_157' title='bbox 245 1986 479 2035; x_wconf 90' lang='lat' dir='ltr'>omnibus</span> <span class='ocrx_word' id='word_1_158' title='bbox 504 2003 655 2050; x_wconf 90' lang='lat' dir='ltr'>quam</span> <span class='ocrx_word' id='word_1_159' title='bbox 683 1986 799 2035; x_wconf 91' lang='lat' dir='ltr'>huic</span> <span class='ocrx_word' id='word_1_160' title='bbox 832 1987 980 2036; x_wconf 92' lang='lat' dir='ltr'>errori</span> <span class='ocrx_word' id='word_1_161' title='bbox 1012 1985 1238 2047; x_wconf 90' lang='lat' dir='ltr'>similem,</span> <span class='ocrx_word' id='word_1_162' title='bbox 1264 1987 1464 2051; x_wconf 90' lang='lat' dir='ltr'>ingenio</span> <span class='ocrx_word' id='word_1_163' title='bbox 1496 1987 1645 2037; x_wconf 89' lang='lat' dir='ltr'>etiam</span> <span class='ocrx_word' id='word_1_164' title='bbox 1683 1989 1916 2052; x_wconf 91' lang='lat' dir='ltr'>eloquen-</span> 
     </span>
    </p>

    <p class='ocr_par' dir='ltr' id='par_1_7' title="bbox 201 2067 1916 2295">
     <span class='ocr_line' id='line_1_23' title="bbox 201 2067 1916 2133; baseline 0 -15"><span class='ocrx_word' id='word_1_165' title='bbox 201 2091 221 2118; x_wconf 85' lang='lat'>2</span> <span class='ocrx_word' id='word_1_166' title='bbox 246 2067 412 2131; x_wconf 90' lang='lat' dir='ltr'>tiaque</span> <span class='ocrx_word' id='word_1_167' title='bbox 436 2070 583 2131; x_wconf 90' lang='lat' dir='ltr'>longe</span> <span class='ocrx_word' id='word_1_168' title='bbox 606 2068 1024 2132; x_wconf 89' lang='lat' dir='ltr'>praestantiorem.</span> <span class='ocrx_word' id='word_1_169' title='bbox 1099 2069 1184 2133; x_wconf 94' lang='lat' dir='ltr'>qui</span> <span class='ocrx_word' id='word_1_170' title='bbox 1209 2085 1324 2118; x_wconf 91' lang='lat' dir='ltr'>cum</span> <span class='ocrx_word' id='word_1_171' title='bbox 1348 2086 1544 2118; x_wconf 89' lang='lat' dir='ltr'>summa</span> <span class='ocrx_word' id='word_1_172' title='bbox 1574 2068 1740 2133; x_wconf 91' lang='lat' dir='ltr'>quiete</span> <span class='ocrx_word' id='word_1_173' title='bbox 1762 2069 1916 2118; x_wconf 89' lang='lat' dir='ltr'>animi</span> 
     </span>
     <span class='ocr_line' id='line_1_24' title="bbox 247 2148 1916 2213; baseline 0.001 -16"><span class='ocrx_word' id='word_1_174' title='bbox 247 2148 459 2198; x_wconf 88' lang='lat' dir='ltr'>ciuitatis</span> <span class='ocrx_word' id='word_1_175' title='bbox 505 2149 734 2212; x_wconf 92' lang='lat' dir='ltr'>princeps</span> <span class='ocrx_word' id='word_1_176' title='bbox 782 2166 890 2198; x_wconf 93' lang='lat' dir='ltr'>esse</span> <span class='ocrx_word' id='word_1_177' title='bbox 935 2159 1118 2213; x_wconf 91' lang='lat' dir='ltr'>posset,</span> <span class='ocrx_word' id='word_1_178' title='bbox 1167 2152 1249 2199; x_wconf 91' lang='lat' dir='ltr'>uel</span> <span class='ocrx_word' id='word_1_179' title='bbox 1295 2148 1627 2200; x_wconf 89' lang='lat' dir='ltr'>uindicandae</span> <span class='ocrx_word' id='word_1_180' title='bbox 1676 2152 1916 2200; x_wconf 90' lang='lat' dir='ltr'>fraternae</span> 
     </span>
     <span class='ocr_line' id='line_1_25' title="bbox 247 2230 1915 2295; baseline 0.001 -16"><span class='ocrx_word' id='word_1_181' title='bbox 247 2230 419 2280; x_wconf 91' lang='lat' dir='ltr'>mortis</span> <span class='ocrx_word' id='word_1_182' title='bbox 442 2230 595 2294; x_wconf 90' lang='lat' dir='ltr'>gratia</span> <span class='ocrx_word' id='word_1_183' title='bbox 625 2233 706 2280; x_wconf 95' lang='lat' dir='ltr'>uel</span> <span class='ocrx_word' id='word_1_184' title='bbox 738 2231 1157 2294; x_wconf 90' lang='lat' dir='ltr'>praemuniendae</span> <span class='ocrx_word' id='word_1_185' title='bbox 1194 2231 1367 2295; x_wconf 90' lang='lat' dir='ltr'>regalis</span> <span class='ocrx_word' id='word_1_186' title='bbox 1403 2231 1656 2295; x_wconf 91' lang='lat' dir='ltr'>potentiae</span> <span class='ocrx_word' id='word_1_187' title='bbox 1693 2232 1915 2282; x_wconf 89' lang='lat' dir='ltr'>eiusdem</span> 
     </span>
    </p>
   </div>
   <div class='ocr_carea' id='block_1_3' title="bbox 248 2359 1920 3111">
    <p class='ocr_par' dir='ltr' id='par_1_8' title="bbox 249 2359 1919 2523">
     <span class='ocr_line' id='line_1_26' title="bbox 306 2359 1917 2412; baseline 0.002 -15"><span class='ocrx_word' id='word_1_188' title='bbox 306 2372 324 2397; x_wconf 91' lang='lat'>1</span> <span class='ocrx_word' id='word_1_189' title='bbox 356 2372 459 2399; x_wconf 74' lang='lat' dir='ltr'>wa</span> <span class='ocrx_word' id='word_1_190' title='bbox 490 2373 623 2412; x_wconf 86' lang='lat' dir='ltr'>marg.</span> <span class='ocrx_word' id='word_1_191' title='bbox 655 2361 698 2399; x_wconf 89' lang='lat' dir='ltr'><em>A</em></span> <span class='ocrx_word' id='word_1_192' title='bbox 911 2373 937 2399; x_wconf 83' lang='lat'><em>2</em></span> <span class='ocrx_word' id='word_1_193' title='bbox 966 2359 1151 2412; x_wconf 87' lang='lat' dir='ltr'>creatus]</span> <span class='ocrx_word' id='word_1_194' title='bbox 1182 2367 1359 2401; x_wconf 86' lang='lat' dir='ltr'>euectus</span> <span class='ocrx_word' id='word_1_195' title='bbox 1385 2360 1552 2399; x_wconf 87' lang='lat' dir='ltr'>Krause</span> <span class='ocrx_word' id='word_1_196' title='bbox 1678 2374 1815 2401; x_wconf 87' lang='lat' dir='ltr'>annos</span> <span class='ocrx_word' id='word_1_197' title='bbox 1845 2363 1887 2400; x_wconf 89' lang='lat' dir='ltr'><em>A</em></span> <span class='ocrx_word' id='word_1_198' title='bbox 1908 2376 1917 2401; x_wconf 75' lang='grc' dir='ltr'>ε</span> 
     </span>
     <span class='ocr_line' id='line_1_27' title="bbox 250 2415 1916 2466; baseline 0.002 -13"><span class='ocrx_word' id='word_1_199' title='bbox 250 2427 385 2453; x_wconf 89' lang='lat' dir='ltr'>annos</span> <span class='ocrx_word' id='word_1_200' title='bbox 407 2420 532 2453; x_wconf 88' lang='lat' dir='ltr'>natus</span> <span class='ocrx_word' id='word_1_201' title='bbox 554 2415 681 2454; x_wconf 79' lang='lat' dir='ltr'>Orelli</span> <span class='ocrx_word' id='word_1_202' title='bbox 786 2426 938 2455; x_wconf 75' lang='lat' dir='ltr'>xxxw.</span> <span class='ocrx_word' id='word_1_203' title='bbox 957 2415 1070 2454; x_wconf 90' lang='lat' dir='ltr'>AP:</span> <span class='ocrx_word' id='word_1_204' title='bbox 1100 2428 1273 2455; x_wconf 81' lang='lat' dir='ltr'>xxxvm</span> <span class='ocrx_word' id='word_1_205' title='bbox 1292 2415 1507 2454; x_wconf 83' lang='lat' dir='ltr'>Puteanus</span> <span class='ocrx_word' id='word_1_206' title='bbox 1523 2419 1562 2454; x_wconf 82' lang='lat' dir='ltr'>et</span> <span class='ocrx_word' id='word_1_207' title='bbox 1577 2415 1700 2454; x_wconf 78' lang='lat' dir='ltr'>Kritz</span> <span class='ocrx_word' id='word_1_208' title='bbox 1808 2429 1833 2466; x_wconf 86' lang='lat'>5</span> <span class='ocrx_word' id='word_1_209' title='bbox 1865 2417 1916 2456; x_wconf 90' lang='lat' dir='ltr'>D.</span> 
     </span>
     <span class='ocr_line' id='line_1_28' title="bbox 249 2469 1919 2523; baseline 0 -15"><span class='ocrx_word' id='word_1_210' title='bbox 249 2469 418 2508; x_wconf 87' lang='lat' dir='ltr'>Aldus:</span> <span class='ocrx_word' id='word_1_211' title='bbox 446 2469 499 2510; x_wconf 93' lang='lat' dir='ltr'>A.</span> <span class='ocrx_word' id='word_1_212' title='bbox 520 2469 611 2508; x_wconf 87' lang='grc' dir='ltr'>ΑΡ</span> <span class='ocrx_word' id='word_1_213' title='bbox 802 2472 830 2508; x_wconf 88' lang='grc'>6</span> <span class='ocrx_word' id='word_1_214' title='bbox 857 2469 921 2522; x_wconf 89' lang='lat' dir='ltr'>ui]</span> <span class='ocrx_word' id='word_1_215' title='bbox 944 2470 1001 2508; x_wconf 90' lang='lat' dir='ltr'>ibi</span> <span class='ocrx_word' id='word_1_216' title='bbox 1022 2470 1220 2522; x_wconf 62' lang='lat' dir='ltr'>Kreysszg</span> <span class='ocrx_word' id='word_1_217' title='bbox 1326 2482 1507 2510; x_wconf 89' lang='lat' dir='ltr'>numero</span> <span class='ocrx_word' id='word_1_218' title='bbox 1526 2475 1758 2522; x_wconf 84' lang='lat' dir='ltr'>suspectum</span> <span class='ocrx_word' id='word_1_219' title='bbox 1778 2471 1919 2523; x_wconf 56' lang='lat' dir='ltr'>LnPsio</span> 
     </span>
    </p>

    <p class='ocr_par' dir='ltr' id='par_1_9' title="bbox 616 2535 657 2557">
     <span class='ocr_line' id='line_1_29' title="bbox 616 2535 657 2557; baseline 0 0"><span class='ocrx_word' id='word_1_220' title='bbox 616 2535 657 2557; x_wconf 89' lang='lat' dir='ltr'>CO</span> 
     </span>
    </p>

    <p class='ocr_par' dir='ltr' id='par_1_10' title="bbox 248 2534 1920 3111">
     <span class='ocr_line' id='line_1_30' title="bbox 253 2534 1914 2618; baseline 0.002 -14"><span class='ocrx_word' id='word_1_221' title='bbox 253 2577 275 2614; x_wconf 92' lang='lat'><strong>7</strong></span> <span class='ocrx_word' id='word_1_222' title='bbox 306 2565 467 2604; x_wconf 87' lang='lat' dir='ltr'>Galleci</span> <span class='ocrx_word' id='word_1_223' title='bbox 488 2563 578 2604; x_wconf 88' lang='grc' dir='ltr'>ΑΡ</span> <span class='ocrx_word' id='word_1_224' title='bbox 658 2534 841 2605; x_wconf 86' lang='lat' dir='ltr'>gnornen</span> <span class='ocrx_word' id='word_1_225' title='bbox 861 2566 903 2604; x_wconf 91' lang='lat' dir='ltr'><em>A</em></span> <span class='ocrx_word' id='word_1_226' title='bbox 1099 2567 1127 2605; x_wconf 90' lang='grc'>8</span> <span class='ocrx_word' id='word_1_227' title='bbox 1156 2566 1266 2606; x_wconf 92' lang='lat' dir='ltr'>illius</span> <span class='ocrx_word' id='word_1_228' title='bbox 1285 2570 1516 2618; x_wconf 87' lang='lat' dir='ltr'>suspectum</span> <span class='ocrx_word' id='word_1_229' title='bbox 1653 2566 1708 2616; x_wconf 81' lang='lat' dir='ltr'>Q.</span> <span class='ocrx_word' id='word_1_230' title='bbox 1730 2567 1796 2607; x_wconf 86' lang='lat' dir='ltr'>P:</span> <span class='ocrx_word' id='word_1_231' title='bbox 1823 2569 1853 2618; x_wconf 75' lang='grc' dir='ltr'>(ἶ</span> <span class='ocrx_word' id='word_1_232' title='bbox 1872 2569 1914 2606; x_wconf 89' lang='lat' dir='ltr'><em>A</em></span> 
     </span>
     <span class='ocr_line' id='line_1_31' title="bbox 251 2620 1915 2673; baseline 0.002 -15"><span class='ocrx_word' id='word_1_233' title='bbox 251 2633 278 2670; x_wconf 91' lang='lat'>9</span> <span class='ocrx_word' id='word_1_234' title='bbox 307 2620 350 2658; x_wconf 91' lang='lat' dir='ltr'>in</span> <span class='ocrx_word' id='word_1_235' title='bbox 370 2620 437 2659; x_wconf 91' lang='lat' dir='ltr'>his</span> <span class='ocrx_word' id='word_1_236' title='bbox 465 2633 547 2659; x_wconf 92' lang='lat' dir='ltr'>om.</span> <span class='ocrx_word' id='word_1_237' title='bbox 565 2620 609 2659; x_wconf 90' lang='lat' dir='ltr'><em>A</em></span> <span class='ocrx_word' id='word_1_238' title='bbox 726 2634 776 2660; x_wconf 92' lang='lat'>10</span> <span class='ocrx_word' id='word_1_239' title='bbox 805 2621 849 2659; x_wconf 90' lang='lat' dir='ltr'>in</span> <span class='ocrx_word' id='word_1_240' title='bbox 866 2621 1079 2671; x_wconf 91' lang='lat' dir='ltr'>Hispania</span> <span class='ocrx_word' id='word_1_241' title='bbox 1092 2621 1165 2661; x_wconf 84' lang='lat' dir='ltr'>del.</span> <span class='ocrx_word' id='word_1_242' title='bbox 1181 2622 1381 2660; x_wconf 72' lang='lat' dir='ltr'>Heinstus</span> <span class='ocrx_word' id='word_1_243' title='bbox 1463 2622 1732 2671; x_wconf 87' lang='lat' dir='ltr'>obpugnaret</span> <span class='ocrx_word' id='word_1_244' title='bbox 1751 2623 1796 2662; x_wconf 78' lang='lat' dir='ltr'>in</span> <span class='ocrx_word' id='word_1_245' title='bbox 1816 2636 1915 2673; x_wconf 92' lang='lat' dir='ltr'>opp.</span> 
     </span>
     <span class='ocr_line' id='line_1_32' title="bbox 252 2675 1920 2727; baseline 0.002 -16"><span class='ocrx_word' id='word_1_246' title='bbox 252 2687 309 2713; x_wconf 89' lang='lat' dir='ltr'>an</span> <span class='ocrx_word' id='word_1_247' title='bbox 330 2687 429 2725; x_wconf 92' lang='lat' dir='ltr'>opp.</span> <span class='ocrx_word' id='word_1_248' title='bbox 450 2675 494 2713; x_wconf 85' lang='lat' dir='ltr'>in</span> <span class='ocrx_word' id='word_1_249' title='bbox 522 2675 617 2725; x_wconf 92' lang='lat' dir='ltr'>obp.</span> <span class='ocrx_word' id='word_1_250' title='bbox 639 2679 855 2714; x_wconf 86' lang='lat' dir='ltr'>correctum</span> <span class='ocrx_word' id='word_1_251' title='bbox 876 2675 1009 2725; x_wconf 80' lang='lat' dir='ltr'>fuerit</span> <span class='ocrx_word' id='word_1_252' title='bbox 1026 2676 1070 2714; x_wconf 81' lang='lat' dir='ltr'>in</span> <span class='ocrx_word' id='word_1_253' title='bbox 1089 2677 1130 2714; x_wconf 92' lang='lat' dir='ltr'><em>A</em></span> <span class='ocrx_word' id='word_1_254' title='bbox 1155 2689 1239 2715; x_wconf 89' lang='lat' dir='ltr'>non</span> <span class='ocrx_word' id='word_1_255' title='bbox 1258 2676 1415 2727; x_wconf 80' lang='lat' dir='ltr'>dispexi</span> <span class='ocrx_word' id='word_1_256' title='bbox 1522 2688 1568 2715; x_wconf 90' lang='lat'>11</span> <span class='ocrx_word' id='word_1_257' title='bbox 1601 2677 1799 2716; x_wconf 86' lang='lat' dir='ltr'>cohortes</span> <span class='ocrx_word' id='word_1_258' title='bbox 1818 2678 1860 2716; x_wconf 89' lang='lat' dir='ltr'><em>A</em></span> <span class='ocrx_word' id='word_1_259' title='bbox 1882 2682 1920 2715; x_wconf 85' lang='lat' dir='ltr'>et</span> 
     </span>
     <span class='ocr_line' id='line_1_33' title="bbox 252 2729 1917 2781; baseline 0.003 -15"><span class='ocrx_word' id='word_1_260' title='bbox 252 2729 310 2767; x_wconf 82' lang='lat' dir='ltr'>sic</span> <span class='ocrx_word' id='word_1_261' title='bbox 325 2742 391 2770; x_wconf 87' lang='lat'>20.</span> <span class='ocrx_word' id='word_1_262' title='bbox 412 2743 438 2779; x_wconf 91' lang='lat'>4</span> <span class='ocrx_word' id='word_1_263' title='bbox 565 2741 615 2769; x_wconf 85' lang='lat'>12</span> <span class='ocrx_word' id='word_1_264' title='bbox 644 2729 771 2769; x_wconf 90' lang='lat' dir='ltr'>uelud</span> <span class='ocrx_word' id='word_1_265' title='bbox 791 2731 834 2768; x_wconf 90' lang='lat' dir='ltr'><em>A</em></span> <span class='ocrx_word' id='word_1_266' title='bbox 966 2741 1014 2779; x_wconf 88' lang='lat'>13</span> <span class='ocrx_word' id='word_1_267' title='bbox 1044 2731 1250 2769; x_wconf 67' lang='lat' dir='ltr'>deterriti-1</span> <span class='ocrx_word' id='word_1_268' title='bbox 1264 2737 1332 2781; x_wconf 86' lang='lat' dir='ltr'>pr.</span> <span class='ocrx_word' id='word_1_269' title='bbox 1352 2731 1395 2769; x_wconf 89' lang='lat' dir='ltr'><em>A</em></span> <span class='ocrx_word' id='word_1_270' title='bbox 1415 2744 1426 2769; x_wconf 73' lang='grc' dir='ltr'><strong>ε</strong></span> <span class='ocrx_word' id='word_1_271' title='bbox 1467 2731 1669 2770; x_wconf 89' lang='lat' dir='ltr'>deterrita</span> <span class='ocrx_word' id='word_1_272' title='bbox 1690 2731 1917 2771; x_wconf 82' lang='lat' dir='ltr'>Burmann</span> 
     </span>
     <span class='ocr_line' id='line_1_34' title="bbox 252 2784 1918 2837; baseline 0.002 -16"><span class='ocrx_word' id='word_1_273' title='bbox 252 2787 290 2821; x_wconf 85' lang='lat' dir='ltr'>et</span> <span class='ocrx_word' id='word_1_274' title='bbox 311 2785 499 2823; x_wconf 82' lang='lat' dir='ltr'>Alsters:</span> <span class='ocrx_word' id='word_1_275' title='bbox 533 2785 738 2822; x_wconf 87' lang='lat' dir='ltr'>deterrita</span> <span class='ocrx_word' id='word_1_276' title='bbox 761 2797 788 2823; x_wconf 85' lang='lat' dir='ltr'>a</span> <span class='ocrx_word' id='word_1_277' title='bbox 813 2784 859 2823; x_wconf 90' lang='lat' dir='ltr'>G.</span> <span class='ocrx_word' id='word_1_278' title='bbox 877 2785 934 2823; x_wconf 88' lang='lat' dir='ltr'>A.</span> <span class='ocrx_word' id='word_1_279' title='bbox 958 2784 1071 2823; x_wconf 81' lang='lat' dir='ltr'>Koch</span> <span class='ocrx_word' id='word_1_280' title='bbox 1227 2798 1276 2834; x_wconf 94' lang='lat'>14</span> <span class='ocrx_word' id='word_1_281' title='bbox 1305 2798 1417 2835; x_wconf 86' lang='lat' dir='ltr'>pers.</span> <span class='ocrx_word' id='word_1_282' title='bbox 1438 2786 1557 2824; x_wconf 89' lang='lat' dir='ltr'>ducis</span> <span class='ocrx_word' id='word_1_283' title='bbox 1578 2785 1672 2835; x_wconf 86' lang='grc' dir='ltr'>ΑΡ,</span> <span class='ocrx_word' id='word_1_284' title='bbox 1698 2789 1918 2837; x_wconf 79' lang='lat' dir='ltr'>tamquam</span> 
     </span>
     <span class='ocr_line' id='line_1_35' title="bbox 248 2838 1919 2892; baseline 0.001 -16"><span class='ocrx_word' id='word_1_285' title='bbox 248 2838 456 2888; x_wconf 87' lang='lat' dir='ltr'>glossema</span> <span class='ocrx_word' id='word_1_286' title='bbox 482 2839 638 2877; x_wconf 61' lang='lat' dir='ltr'>eiciebat</span> <span class='ocrx_word' id='word_1_287' title='bbox 661 2838 830 2890; x_wconf 80' lang='lat' dir='ltr'>Dauies,</span> <span class='ocrx_word' id='word_1_288' title='bbox 856 2843 953 2889; x_wconf 84' lang='lat' dir='ltr'>post</span> <span class='ocrx_word' id='word_1_289' title='bbox 981 2844 1144 2878; x_wconf 91' lang='lat' dir='ltr'>tanturn</span> <span class='ocrx_word' id='word_1_290' title='bbox 1174 2840 1314 2879; x_wconf 86' lang='lat' dir='ltr'>effecit</span> <span class='ocrx_word' id='word_1_291' title='bbox 1347 2840 1638 2890; x_wconf 87' lang='lat' dir='ltr'>transponebat</span> <span class='ocrx_word' id='word_1_292' title='bbox 1661 2839 1797 2892; x_wconf 82' lang='lat' dir='ltr'>Kritz,</span> <span class='ocrx_word' id='word_1_293' title='bbox 1822 2845 1919 2892; x_wconf 79' lang='lat' dir='ltr'>posi</span> 
     </span>
     <span class='ocr_line' id='line_1_36' title="bbox 255 2891 1917 2945; baseline 0.002 -15"><span class='ocrx_word' id='word_1_294' title='bbox 255 2891 367 2930; x_wconf 84' lang='lat' dir='ltr'>foret</span> <span class='ocrx_word' id='word_1_295' title='bbox 393 2892 586 2933; x_wconf 80' lang='lat' dir='ltr'>Thomas.</span> <span class='ocrx_word' id='word_1_296' title='bbox 682 2892 794 2932; x_wconf 75' lang='lat' dir='ltr'><em>Mihi</em></span> <span class='ocrx_word' id='word_1_297' title='bbox 809 2893 1003 2932; x_wconf 82' lang='lat' dir='ltr'>uidentur</span> <span class='ocrx_word' id='word_1_298' title='bbox 1017 2893 1219 2944; x_wconf 86' lang='lat' dir='ltr'>quaedam</span> <span class='ocrx_word' id='word_1_299' title='bbox 1233 2893 1427 2944; x_wconf 82' lang='lat' dir='ltr'>excidisse,</span> <span class='ocrx_word' id='word_1_300' title='bbox 1444 2894 1556 2933; x_wconf 81' lang='lat' dir='ltr'>uelut</span> <span class='ocrx_word' id='word_1_301' title='bbox 1576 2907 1618 2945; x_wconf 91' lang='lat' dir='ltr'>p.</span> <span class='ocrx_word' id='word_1_302' title='bbox 1640 2907 1746 2934; x_wconf 91' lang='lat' dir='ltr'>usus</span> <span class='ocrx_word' id='word_1_303' title='bbox 1764 2896 1917 2934; x_wconf 91' lang='lat' dir='ltr'>summi</span> 
     </span>
     <span class='ocr_line' id='line_1_37' title="bbox 255 2946 1918 3000; baseline 0.002 -16"><span class='ocrx_word' id='word_1_304' title='bbox 255 2946 373 2985; x_wconf 90' lang='lat' dir='ltr'>ducis</span> <span class='ocrx_word' id='word_1_305' title='bbox 614 2959 663 2998; x_wconf 90' lang='lat'>15</span> <span class='ocrx_word' id='word_1_306' title='bbox 691 2946 848 2998; x_wconf 85' lang='lat' dir='ltr'>r&amp;epit</span> <span class='ocrx_word' id='word_1_307' title='bbox 867 2948 910 2986; x_wconf 91' lang='lat' dir='ltr'><em>A</em></span> <span class='ocrx_word' id='word_1_308' title='bbox 1059 2949 1211 2998; x_wconf 85' lang='lat' dir='ltr'>pudori</span> <span class='ocrx_word' id='word_1_309' title='bbox 1232 2950 1358 2987; x_wconf 89' lang='lat' dir='ltr'>timor</span> <span class='ocrx_word' id='word_1_310' title='bbox 1376 2950 1419 2987; x_wconf 89' lang='lat' dir='ltr'><em>A</em></span> <span class='ocrx_word' id='word_1_311' title='bbox 1616 2961 1664 2999; x_wconf 92' lang='lat'>17</span> <span class='ocrx_word' id='word_1_312' title='bbox 1693 2950 1918 3000; x_wconf 89' lang='lat' dir='ltr'>disciplina</span> 
     </span>
     <span class='ocr_line' id='line_1_38' title="bbox 255 3000 1917 3056; baseline 0.003 -18"><span class='ocrx_word' id='word_1_313' title='bbox 255 3000 468 3040; x_wconf 86' lang='lat' dir='ltr'>Puteanus</span> <span class='ocrx_word' id='word_1_314' title='bbox 661 3014 712 3053; x_wconf 92' lang='lat'>19</span> <span class='ocrx_word' id='word_1_315' title='bbox 739 3002 788 3042; x_wconf 93' lang='lat' dir='ltr'>T.</span> <span class='ocrx_word' id='word_1_316' title='bbox 802 3001 892 3042; x_wconf 87' lang='grc' dir='ltr'>ΑΡ</span> <span class='ocrx_word' id='word_1_317' title='bbox 1078 3016 1133 3042; x_wconf 81' lang='lat'>20</span> <span class='ocrx_word' id='word_1_318' title='bbox 1162 3003 1336 3056; x_wconf 89' lang='lat' dir='ltr'>Gaium]</span> <span class='ocrx_word' id='word_1_319' title='bbox 1360 3002 1408 3043; x_wconf 92' lang='lat' dir='ltr'>C.</span> <span class='ocrx_word' id='word_1_320' title='bbox 1430 3001 1519 3042; x_wconf 89' lang='grc' dir='ltr'>ΑΡ</span> <span class='ocrx_word' id='word_1_321' title='bbox 1678 3016 1730 3054; x_wconf 84' lang='lat'>24</span> <span class='ocrx_word' id='word_1_322' title='bbox 1759 3004 1828 3043; x_wconf 91' lang='lat' dir='ltr'>uel</span> <span class='ocrx_word' id='word_1_323' title='bbox 1849 3005 1917 3043; x_wconf 89' lang='lat' dir='ltr'>uel</span> 
     </span>
     <span class='ocr_line' id='line_1_39' title="bbox 255 3056 1007 3111; baseline 0 -17"><span class='ocrx_word' id='word_1_324' title='bbox 255 3056 558 3107; x_wconf 86' lang='lat' dir='ltr'>praemunidae</span> <span class='ocrx_word' id='word_1_325' title='bbox 577 3057 620 3095; x_wconf 89' lang='lat' dir='ltr'><em>A</em></span> <span class='ocrx_word' id='word_1_326' title='bbox 732 3057 940 3111; x_wconf 63' lang='lat' dir='ltr'>prouintig</span> <span class='ocrx_word' id='word_1_327' title='bbox 959 3057 1007 3094; x_wconf 88' lang='lat' dir='ltr'>A·</span> 
     </span>
    </p>
   </div>
   <div class='ocr_carea' id='block_1_4' title="bbox 1058 3151 1110 3190">
    <p class='ocr_par' dir='ltr' id='par_1_11' title="bbox 1058 3151 1110 3190">
     <span class='ocr_line' id='line_1_40' title="bbox 1058 3151 1110 3190; baseline 0 0"><span class='ocrx_word' id='word_1_328' title='bbox 1058 3151 1110 3190; x_wconf 88' lang='lat'>24</span> 
     </span>
    </p>
   </div>
   <div class='ocr_carea' id='block_1_5' title="bbox 1939 1113 1986 1140">
    <p class='ocr_par' dir='ltr' id='par_1_12' title="bbox 1939 1113 1986 1140">
     <span class='ocr_line' id='line_1_41' title="bbox 1939 1113 1986 1140; baseline -0.021 0"><span class='ocrx_word' id='word_1_329' title='bbox 1939 1113 1986 1140; x_wconf 90' lang='lat'>10</span> 
     </span>
    </p>
   </div>
   <div class='ocr_carea' id='block_1_6' title="bbox 1942 1522 1987 1561">
    <p class='ocr_par' dir='ltr' id='par_1_13' title="bbox 1942 1522 1987 1561">
     <span class='ocr_line' id='line_1_42' title="bbox 1942 1522 1987 1561; baseline 0 0"><span class='ocrx_word' id='word_1_330' title='bbox 1942 1522 1987 1561; x_wconf 78' lang='lat'>15</span> 
     </span>
    </p>
   </div>
   <div class='ocr_carea' id='block_1_7' title="bbox 1943 1931 1992 1957">
    <p class='ocr_par' dir='ltr' id='par_1_14' title="bbox 1943 1931 1992 1957">
     <span class='ocr_line' id='line_1_43' title="bbox 1943 1931 1992 1957; baseline 0 0"><span class='ocrx_word' id='word_1_331' title='bbox 1943 1931 1992 1957; x_wconf 88' lang='lat'>20</span> 
     </span>
    </p>
   </div>
   <div class='ocr_carea' id='block_1_8' title="bbox 1997 0 2014 898">
    <p class='ocr_par' dir='ltr' id='par_1_15' title="bbox 1997 0 2014 898">
     <span class='ocr_line' id='line_1_44' title="bbox 1997 0 2014 898; baseline 0 0"><span class='ocrx_word' id='word_1_332' title='bbox 1997 0 2014 898; x_wconf 95' lang='lat' dir='ltr'> </span> 
     </span>
    </p>
   </div>
  </div>
 </body>
</html>
