2014 3392
161 622 217 670 51

729 238 987 286 VELLEI
1025 236 1426 286 PATERCVLI

251 359 494 423 praetorio
517 361 687 420 fuerat,
714 359 866 423 ipsius
890 361 1135 409 aduentus
1160 358 1327 421 uigore
1351 374 1410 406 ac
1433 359 1620 421 fulgore
1645 365 1914 420 occupatus

250 459 304 491 se
329 442 527 493 Caesari
551 442 782 503 tradidit,-
816 451 1080 505 utrumque
1108 442 1380 503 legatorum
1416 449 1464 488 et
1501 439 1722 503 quisquis
1758 438 1916 488 cuius-

251 541 348 588 que
373 524 558 574 ordinis
583 524 723 588 sequi
747 541 832 573 eos
857 525 1093 582 uoluerat,
1120 521 1305 571 remisit
1328 523 1393 571 ad
1419 521 1727 585 Pompeium.

318 604 549 654 Proximo
586 622 720 654 anno
758 606 879 654 dum
920 602 1246 666 Dyrrachium
1277 619 1335 651 ac
1368 601 1533 651 uicina
1564 601 1610 651 ei
1641 601 1751 650 urbi
1782 600 1915 664 regio

250 685 419 734 castris
444 686 653 750 Pompei
677 686 924 745 retinetur,
945 685 1031 748 qui
1054 684 1222 733 accitis
1242 701 1301 733 ex
1325 683 1558 733 omnibus
1583 682 1916 732 transmarinis
1939 703 1962 743 5

250 767 518 830 prouinciis
536 767 827 831 legionibus,
849 767 1073 830 equitum
1091 783 1150 815 ac
1173 765 1397 829 peditum
1422 765 1625 825 auxiliis,
1647 781 1917 828 regumque
1992 799 1994 802 -
2013 811 2014 814 ,

248 856 297 897 et
321 850 671 898 tetrarcharum
696 848 942 911 simulque
966 849 1282 910 dynastarum
1311 845 1466 909 copiis
1499 845 1751 894 inmanem
1790 862 1919 894 exer-

250 929 404 978 citum
446 931 724 978 confecerat
762 938 810 978 et
852 946 985 977 mare
1025 927 1279 991 praesidiis
1321 926 1565 987 classium,
1606 936 1660 975 ut
1706 926 1915 997 rebatur,

251 1019 511 1074 saepserat,
540 1027 640 1074 quo
682 1009 846 1058 minus
885 1011 1067 1059 Caesar
1107 1008 1325 1071 legiones
1365 1017 1534 1071 posset
1574 1006 1916 1067 transmittere,

207 1112 226 1141 2
252 1108 341 1140 sua
378 1100 426 1140 et
464 1090 710 1140 celeritate
749 1099 798 1139 et
835 1092 1032 1139 fortuna
1070 1090 1126 1139 C.
1170 1090 1351 1139 Caesar
1389 1105 1506 1137 usus
1539 1087 1662 1136 nihil
1693 1087 1745 1136 in
1781 1104 1920 1136 mora
1945 1101 2003 1141 ια,-

251 1172 438 1232 habuit,
466 1189 567 1236 quo
593 1172 756 1221 minus
785 1181 834 1221 et
863 1188 977 1220 cum
1007 1172 1156 1220 uellet
1187 1170 1292 1233 ipse
1317 1170 1655 1233 exercitusque
1680 1168 1918 1218 classibus
1993 1158 2002 1186 ‘⁴

251 1252 542 1316 perueniret,
570 1261 618 1301 et
642 1252 802 1315 primo
826 1268 985 1315 paene
1010 1250 1178 1300 castris
1204 1250 1412 1314 Pompei
1436 1268 1526 1300 sua
1548 1250 1782 1314 iungeret,
1804 1267 1920 1299 mox

251 1334 400 1383 etiam
425 1333 687 1383 obsidione
725 1332 1146 1396 munimentisque
1185 1349 1300 1381 eum
1338 1334 1757 1422 complecteretur.
1831 1333 1920 1382 sed
1995 1330 2001 1354 ³

204 1430 228 1470 3
251 1415 420 1478 inopia
444 1414 788 1464 obsidentibus
813 1431 964 1478 quam
989 1413 1203 1463 obsessis
1228 1422 1329 1463 erat
1346 1412 1552 1477 grauior.
1608 1422 1714 1462 tum
1735 1391 1934 1462 Balbus
1982 1415 2005 1487 ᾗ

167 2076 231 2124 52

232 1493 513 1546 Cornelius
555 1497 825 1545 excedente
862 1497 1132 1544 humanam
1171 1496 1322 1543 fidem
1360 1493 1634 1544 temeritate
1674 1494 1919 1557 ingressus
1948 1494 2006 1588 1ss

253 1586 409 1625 castra
441 1575 659 1625 hostium
692 1575 987 1639 saepiusque
1011 1592 1126 1624 cum
1153 1577 1366 1624 Lentulo
1395 1577 1670 1624 collocutus
1699 1577 1918 1636 consule,
1991 1588 2002 1639 ξ

253 1657 512 1706 dubitante
548 1657 719 1720 quanti
758 1674 810 1706 se
848 1658 1099 1717 uenderet,
1135 1656 1228 1705 illis
1266 1656 1582 1706 incrementis
1617 1657 1733 1706 fecit
1770 1657 1918 1718 uiam,
1989 1652 2005 1775 ξ

252 1737 434 1801 quibus
459 1755 561 1787 non
589 1737 936 1801 Hispaniensis
956 1747 1114 1798 natus,
1137 1739 1226 1786 sed
1252 1737 1523 1801 Hispanus,
1545 1737 1596 1786 in
1615 1738 1920 1801 triumphum
1992 1779 2002 1795 .,.

253 1828 301 1867 et
332 1818 677 1881 pontificatum
714 1819 996 1881 adsurgeret
1034 1820 1270 1882 fieretque
1308 1835 1367 1868 ex
1403 1818 1596 1882 priuato
1634 1819 1917 1870 consularis.
1986 1883 1987 1886 Ἴ

253 1899 495 1948 uariatum
520 1899 703 1949 deinde
731 1899 943 1963 proeliis,
971 1901 1060 1949 sed
1097 1917 1199 1949 uno
1238 1902 1384 1963 longe
1416 1899 1571 1963 magis
1604 1901 1920 1965 Pompeianis
1948 1917 1967 1946 2

252 1996 503 2043 prospero,
531 1998 632 2044 quo
655 1981 866 2044 grauiter
889 1980 1088 2044 impulsi
1114 1990 1228 2030 sunt
1253 1981 1476 2031 Caesaris
1501 1981 1692 2031 milites.

321 2064 454 2110 Tum
493 2063 675 2112 Caesar
713 2079 827 2110 cum
866 2061 1079 2110 exercitu
1118 2063 1316 2111 fatalem
1348 2061 1584 2111 uictoriae
1619 2079 1737 2112 suae
1768 2065 1923 2113 Thes·
1991 2071 2006 2103 -’

209 2168 228 2194 2
254 2141 424 2213 saliam
461 2141 614 2205 petiit.
689 2141 972 2205 Pompeius,
1015 2143 1162 2206 longe
1203 2142 1398 2191 diuersa
1433 2142 1540 2192 aliis
1582 2143 1919 2206 suadentibus,

255 2239 466 2286 quorum
506 2222 728 2286 plerique
766 2223 1101 2284 hortabantur,
1142 2233 1196 2272 ut
1233 2223 1284 2272 in
1333 2223 1527 2272 Italiam
1574 2225 1922 2275 transmitteret

314 2363 331 2388 1
363 2352 550 2390 aduentu
565 2350 681 2391 AP:
710 2352 923 2391 aduentus
941 2351 1128 2391 Gelenius
1266 2365 1286 2391 2
1316 2357 1539 2402 utrumque
1557 2353 1718 2404 scripsi:
1741 2359 1921 2404 uterque

255 2404 345 2442 ΑΡ
487 2418 512 2455 3
541 2406 702 2445 remisit
721 2405 811 2443 AP
948 2419 973 2455 4
1002 2419 1097 2445 cum
1117 2405 1229 2446 AP:
1260 2407 1357 2445 dum
1377 2407 1518 2457 scripsi
1597 2408 1857 2458 Dyrachium
1875 2408 1918 2447 A

256 2459 397 2499 uicina
428 2459 495 2498 P:
533 2460 687 2500 uicinia
718 2460 808 2498 AB
989 2471 1015 2509 5
1044 2461 1252 2511 Pompeio
1293 2462 1379 2514 (sic)
1409 2462 1544 2511 fuisse
1575 2462 1618 2500 in
1652 2463 1920 2510 Murbacensi,

250 2518 404 2565 puncto
437 2514 582 2553 delelili
609 2515 892 2565 suprascripto,
921 2519 1093 2553 testatur
1118 2516 1278 2555 Burer:
1322 2516 1499 2566 Pompei
1528 2516 1598 2558 A:
1646 2516 1850 2567 Pompeio
1883 2517 1927 2556 P
1982 2547 1984 2550 -

257 2581 350 2606 cum
382 2569 648 2608 obtineretur
674 2569 895 2610 Heinsius:
928 2569 1001 2607 sed
1023 2570 1234 2609 retinetur
1259 2575 1318 2608 est
1343 2571 1386 2609 in
1415 2569 1547 2608 ABP
1651 2577 1695 2610 et
1722 2578 1920 2622 suprascr.
1987 2586 1991 2591 ’

258 2636 313 2661 ex
344 2622 386 2660 A
585 2637 607 2674 7
638 2629 681 2663 et
713 2623 808 2664 add.
847 2623 1032 2663 Gelenius
1155 2626 1440 2664 tetarcharum
1477 2624 1568 2663 AB
1689 2627 1812 2666 simul
1849 2626 1920 2668 A:
2013 2661 2014 2666 ,

256 2677 464 2727 simulque
495 2677 577 2716 PB
761 2679 787 2716 8
816 2679 1015 2728 praesidii
1042 2679 1109 2718 dis
1128 2678 1171 2716 A
1285 2680 1502 2718 uirebatur
1532 2678 1576 2717 P
1603 2684 1641 2718 et
1670 2680 1729 2728 A,
1762 2680 1835 2719 sed
1862 2681 1926 2720 hic
1985 2687 2004 2716 »τ4

257 2733 530 2784 suprascripto
548 2738 594 2771 ut
614 2733 794 2783 rebatur,
819 2733 931 2783 quod
945 2733 1177 2772 Rhenanus
1195 2735 1294 2773 coni.
1426 2747 1454 2784 9
1482 2740 1675 2785 sepserat
1694 2734 1736 2772 A
1874 2748 1918 2774 11
1983 2743 2014 2784 ξι,

260 2795 302 2824 et
334 2799 419 2835 quo
450 2786 695 2827 Acidalius:
743 2801 796 2826 eo
825 2800 909 2838 quo
942 2787 1080 2826 Halm
1117 2791 1186 2838 (eo
1220 2789 1307 2826 iam
1342 2787 1459 2834 Voss)
1658 2802 1706 2838 14
1736 2790 1922 2829 obsessis
1986 2788 2014 2841 ’γ

260 2846 350 2879 erat
378 2840 444 2880 P:
488 2842 732 2881 obsesserat
759 2841 802 2879 A
993 2844 1042 2880 16
1071 2843 1180 2882 conl.
1209 2842 1299 2880 ΑΡ
1406 2843 1581 2882 consule
1609 2843 1683 2883 A:
1727 2844 1850 2883 COS.
1884 2844 1928 2882 P
1984 2839 2014 2891 ‘'¹'J

261 2895 309 2931 18
341 2895 647 2945 Hispaniensis
667 2897 860 2947 Lipsizus
890 2896 1127 2946 Hispaniae
1152 2897 1283 2936 Asiae
1302 2897 1414 2936 AP:
1446 2898 1666 2948 Hispanae
1696 2899 1922 2949 prosapiae
1986 2894 2014 2939 ἶ]

267 2949 458 2988 Thomas.
508 2951 646 2988 Burer
660 2951 907 2989 adnotauit‘
921 2952 1027 2989 mihz
1041 2951 1257 3002 legendum
1278 2952 1441 2990 uidetur
1455 2965 1542 2991 non
1560 2952 1798 3003 Hispaniae
1818 2966 1923 2992 suae

261 3002 409 3042 natus'
428 3018 438 3043 ε
467 3017 554 3043 non
585 3005 836 3044 Romanus
827 3018 870 3043 ln
892 3005 1102 3056 Hispania
1129 3012 1252 3045 natus
1270 3005 1416 3045 Novak

1069 3144 1119 3187 70
