2014 3392
803 256 1020 304 LIBER
1055 256 1112 305 ΙΙ

126 401 227 443 tem
256 391 430 456 populi
459 391 677 442 Romani
708 408 915 456 regnum
950 390 1056 441 eius
1092 390 1357 441 Artauasdi
1380 390 1532 441 dedit.
1605 394 1636 444 †
1650 390 1791 441 cuius

124 492 208 524 rex
242 491 444 539 quoque
479 476 773 524 Parthorum
807 473 932 523 tanti
965 472 1183 523 nominis
1218 475 1349 522 fama
1382 473 1576 523 territus
1611 473 1793 523 liberos

124 573 242 605 suos
263 557 330 605 ad
354 557 618 607 Caesarem
643 555 776 605 misit
798 554 1014 605 obsides·

193 638 472 687 Reuersum
512 637 631 687 inde
671 639 927 686 Neronem
968 637 1151 687 Caesar
1196 636 1332 685 haud
1372 635 1635 685 mediocris
1677 634 1794 684 belli
1819 644 1890 694 95

77 730 102 771 5
125 720 258 768 mole
303 719 509 783 experiri
554 718 738 779 statuit,
785 717 1011 768 adiutore
1061 717 1223 781 operis
1269 719 1389 767 dato
1442 719 1587 766 fratre
1640 716 1795 780 ipsius

8 789 10 826 ἶ
126 801 293 848 Druso
339 799 567 860 Claudio,
610 816 761 864 quem
807 798 936 847 intra
981 798 1205 849 Caesaris
1251 808 1456 862 penates
1503 798 1648 848 enixa
1693 808 1795 848 erat

127 879 283 928 Liuia.
373 880 559 944 quippe
605 890 813 944 uterque
859 879 1031 929 diuisis
1077 879 1298 943 partibus
1347 882 1534 929 Raetos
1574 879 1796 929 Vindeli—
1820 899 1840 927 2

123 977 312 1025 cosque
334 962 566 1027 adgressi,
587 962 755 1012 multis
779 961 977 1012 urbium
1001 963 1315 1012 castellorum
1339 961 1795 1026 oppugnationibus

8 1109 9 1121 ἵ
126 1059 220 1093 nec
260 1061 364 1094 non
404 1046 604 1095 derecta
637 1062 841 1110 quoque
879 1046 987 1097 acie
1024 1046 1230 1097 feliciter
1274 1047 1431 1097 functi
1471 1046 1631 1111 gentis
1671 1046 1794 1096 locis

45 1137 107 1167 -10
126 1126 410 1188 tutissimas,
457 1128 596 1179 aditu
643 1129 971 1192 difficillimas,
1020 1148 1230 1182 numero
1275 1131 1561 1196 frequentis,
1604 1130 1795 1181 feritate

125 1209 275 1260 trucis
300 1210 485 1261 maiore
509 1228 624 1261 cum
649 1211 870 1276 periculo
893 1230 1045 1277 quam
1077 1215 1264 1263 damno
1291 1212 1509 1263 Romani
1537 1212 1792 1273 exercitus,

123 1295 337 1359 plurimo
377 1313 493 1346 cum
534 1313 703 1346 earum
750 1297 990 1362 sanguine
1035 1299 1438 1362 perdomuerunt.
1509 1306 1625 1346 ante
1666 1314 1795 1361 quae
1820 1315 1843 1354 3

123 1385 349 1440 tempora
394 1394 603 1427 censura
649 1378 821 1428 Planci
866 1388 916 1429 et
963 1378 1104 1428 Pauli
1157 1388 1268 1428 acta
1321 1378 1448 1428 inter
1494 1378 1795 1428 discordiam

123 1475 288 1524 neque
333 1459 452 1523 ipsis
498 1460 676 1510 honori
722 1477 887 1525 neque
932 1461 1002 1511 rei
1047 1460 1277 1525 publicae
1317 1460 1429 1510 usui
1468 1462 1639 1521 fuerat,
1680 1477 1795 1510 curn

48 1549 100 1594 ¹5
121 1540 260 1590 alteri
307 1540 383 1590 uis
423 1541 661 1602 censoria,
703 1541 842 1591 alteri
887 1541 991 1591 uita
1030 1543 1240 1602 deesset,
1280 1543 1463 1591 Paulus
1505 1540 1587 1590 uix
1627 1550 1797 1604 posset

121 1622 327 1687 implere
361 1640 634 1684 censorem,
673 1626 886 1674 Plancus
927 1625 1099 1675 timere
1134 1625 1352 1685 deberet,
1390 1641 1485 1674 nec
1519 1624 1795 1688 quidquam

123 1703 323 1754 obicere
364 1714 533 1768 posset
568 1705 973 1756 adulescentibus
1013 1715 1099 1756 aut
1134 1705 1397 1756 obicientis
1431 1705 1617 1766 audire,
1655 1706 1795 1769 quod

123 1802 227 1836 non
248 1796 539 1850 agnosceret
560 1804 724 1837 senex.

195 1870 335 1919 Mors
359 1869 544 1919 deinde
567 1870 830 1934 Agrippae,
857 1870 943 1936 qui
967 1870 1241 1921 nouitatem
1274 1888 1415 1921 suam
1448 1869 1616 1920 multis
1647 1870 1796 1920 rebus
1818 1863 1894 1923 96

51 1968 106 1999 ²0
126 1950 473 2001 nobilitauerat
506 1961 657 2017 atque
692 1952 743 2002 in
779 1954 878 2003 hoc
912 1955 1219 2018 perduxerat,
1245 1963 1300 2003 ut
1331 1963 1380 2003 et
1417 1952 1632 2003 Neronis
1668 1962 1798 2003 esset

123 2049 279 2093 socer,
305 2032 547 2098 cuiusque
581 2033 763 2084 liberos
798 2045 1006 2099 nepotes
1042 2053 1159 2086 suos
1194 2035 1342 2086 diuus
1374 2038 1628 2099 Augustus
1663 2051 1800 2099 prae-

184 2175 201 2202 ι
233 2162 439 2203 Artauzdi
455 2162 570 2204 AB:
603 2163 834 2205 Artauasdi
854 2165 917 2206 P:
939 2168 951 2188 ‘
967 2165 1261 2205 restituendum
1283 2165 1424 2206 Velleio
1436 2166 1641 2206 Artauzdi
1663 2166 1798 2205 multa

349 2222 379 2259 t.
438 2217 555 2257 Nam
592 2219 723 2258 littera
759 2233 782 2259 z
820 2220 925 2261 clare
958 2222 1082 2260 etaiam
1119 2221 1245 2261 tna'sa
1282 2221 1400 2262 Mon.
1426 2221 1470 2260 A
1477 2234 1534 2262 nc.
1564 2222 1636 2262 lat.
1660 2221 1715 2262 vi.
1749 2233 1794 2260 11

123 2272 392 2322 Artauazdis,
432 2273 499 2312 uel
536 2273 743 2314 Armenio
787 2275 984 2315 scabendi
1018 2289 1163 2328 genere
1197 2276 1413 2316 Artauazd
1461 2275 1797 2315 commendatur*

132 2326 317 2367 Thomas
328 2334 375 2380 p
399 2340 445 2367 11
641 2329 762 2369 cuius
779 2329 890 2371 AP.
910 2331 1062 2371 cuius‘
1075 2343 1135 2371 sc.
1156 2330 1221 2372 Ti.
1245 2330 1455 2371 Neronis'
1483 2331 1723 2382 Thomasp.
1745 2344 1799 2370 22

124 2394 152 2433 3
180 2381 350 2423 Cerem
381 2381 470 2429 del„
492 2382 585 2423 dein
602 2390 804 2436 suprascr.
825 2384 1100 2426 CaesaremA
1267 2399 1293 2436 4
1322 2385 1503 2426 indeP:
1533 2386 1689 2426 deinde
1706 2385 1795 2428 del..

125 2436 217 2477 dciv·
235 2443 436 2489 suprascr:
462 2437 504 2479 in
523 2437 568 2477 A
700 2439 867 2490 smole
881 2439 1107 2480 Heinsius:
1137 2440 1292 2481 molem
1312 2440 1378 2481 P:
1408 2453 1568 2480 morem
1587 2440 1632 2480 A
1774 2453 1797 2491 7

124 2491 275 2532 diuisis
292 2490 407 2532 AP·
435 2492 550 2544 quod
565 2492 791 2533 ια’κᾰιεακίί
807 2493 916 2534 Boot
932 2507 983 2534 ex
998 2494 1219 2546 Lm.44.1
1231 2509 1249 2536 r
1363 2508 1388 2535 e
1407 2495 1592 2536 diuersis
1604 2495 1796 2548 Stanger,

123 2546 174 2597 4.
199 2559 292 2598 ιο9.
311 2558 338 2597 5
424 2546 587 2587 Raetos
604 2547 680 2588 A.
716 2548 884 2590 Rhetos
901 2548 946 2589 P
1105 2552 1133 2591 8
1161 2556 1205 2590 et
1224 2556 1327 2591 cast.
1350 2549 1416 2590 Ρ.
1445 2550 1799 2602 castellorumque

129 2598 260 2641 Onu·
270 2601 319 2653 4
340 2600 489 2642 Novak
498 2609 543 2655 p
563 2602 620 2653 98
741 2616 770 2654 9
795 2604 868 2645 d&
893 2604 1065 2645 derecta
1087 2605 1175 2657 (sicu
1195 2605 1272 2646 A.
1309 2605 1471 2645 directa
1496 2604 1540 2645 Ρ
1644 2612 1800 2656 gentes

126 2684 138 2696 .
159 2685 171 2697 .
194 2686 206 2697 .
226 2655 476 2707 frequentes
495 2687 506 2698 .
533 2689 542 2698 .
565 2687 577 2698 .
597 2663 741 2698 truces
766 2657 858 2698 ΑΡ
1012 2671 1063 2700 ιο
1091 2660 1343 2700 difficilimas
1362 2659 1405 2699 A
1568 2672 1617 2699 12
1646 2661 1800 2711 perdo-

128 2717 340 2751 muerunt.
378 2711 494 2752 Ante
522 2710 588 2752 P:
629 2713 925 2764 perdomuere.
962 2713 1129 2755 Tantae
1156 2714 1199 2754 A
1374 2727 1422 2765 14
1452 2714 1555 2766 ipsis
1587 2714 1801 2757 Gelenius:

128 2765 209 2818 ipsi
228 2764 321 2805 ΑΡ
482 2766 621 2807 suerat
642 2765 787 2810 Onus:
817 2767 927 2808 soret
945 2767 1037 2809 ΑΡ
1131 2769 1253 2809 uerba
1284 2782 1379 2809 cum
1411 2769 1534 2809 alteri
1556 2799 1566 2810 .
1588 2799 1598 2810 .
1619 2799 1629 2810 .
1651 2769 1800 2810 timere

126 2819 307 2860 deberet
319 2833 405 2861 om.
417 2820 460 2859 A
579 2833 628 2872 15
648 2823 817 2863 censori
834 2822 878 2862 P
888 2837 899 2864 z
919 2824 1115 2864 censoria
1130 2823 1363 2864 Burmann
1380 2838 1390 2864 t
1407 2824 1599 2865 censoris
1615 2823 1803 2865 Gelenius

130 2875 182 2916 16
210 2887 289 2915 nec
321 2877 395 2927 (ne
432 2874 490 2926 P)
522 2876 747 2927 quicquam
774 2876 866 2917 ΑΡ
1112 2891 1159 2931 ¹7
1189 2878 1390 2927 obiicere,
1421 2879 1672 2920 obiicientes
1714 2878 1807 2919 ΑΡ

127 2927 281 2969 Malim
298 2930 413 2981 quod
436 2942 522 2971 non
543 2931 636 2982 ipse
657 2930 699 2970 in
719 2944 768 2972 se
787 2945 827 2974 a.
846 2944 884 2974 a.
1050 2946 1100 2986 19
1126 2933 1321 2986 Agrippe
1340 2934 1382 2974 A
1553 2946 1608 2975 20
1635 2938 1680 2975 et
1698 2933 1797 2987 ΑΡ,

129 2996 236 3024 mem
255 2985 409 3039 etiam?
575 2997 624 3026 οι
657 2985 803 3040 diuus]
826 2987 880 3029 D.
900 2986 991 3028 ΑΡ

928 3182 1005 3227 ¹07
