2014 3392
735 195 993 242 VELLEI
1031 195 1430 245 PATERCVLI

163 341 215 388 14
311 334 444 381 Tum
469 348 739 382 conuersus
766 332 915 382 Drusi
939 332 1147 393 animus,
1176 335 1379 396 quando
1403 333 1532 383 bene
1556 333 1754 397 incepta
1782 336 1910 383 male

242 413 501 473 cedebant,
527 415 593 462 ad
617 415 835 463 dandam
869 413 1119 463 ciuitatem
1147 414 1347 463 Italiae:
1385 416 1522 478 quod
1554 431 1669 463 cum
1699 415 1909 464 moliens

242 493 518 543 reuertisset
565 511 593 543 e
640 496 761 555 foro,
810 494 1036 544 inmensa
1083 494 1164 543 illa
1211 505 1260 544 et
1306 495 1574 555 incondita,
1619 512 1746 558 quae
1793 513 1909 545 eum

240 591 434 639 semper
480 575 821 636 comitabatur,
871 576 1061 625 cinctus
1109 576 1425 626 multitudine
1471 576 1523 625 in
1569 594 1682 625 area
1727 578 1907 625 domus

240 673 357 705 suae
389 658 590 706 cultello
622 674 897 720 percussus,
925 657 1010 720 qui
1045 659 1235 706 adfixus
1271 657 1408 706 lateri
1444 657 1548 706 eius
1584 658 1781 706 relictus
1817 667 1904 717 est,
1933 674 1954 713 5

194 752 212 777 2
238 737 364 786 intra
409 754 592 801 paucas
634 739 780 787 horas
821 738 1046 787 decessit.
1121 740 1209 787 sed
1251 756 1366 787 cum
1408 738 1637 787 ultimum
1679 740 1907 788 redderet

237 818 475 881 spiritum,
513 819 711 868 intuens
753 819 1175 868 circumstantium
1218 819 1642 883 maerentiumque
1683 822 1907 882 frequen-

208 899 368 960 ·tiam‚
407 899 580 949 effudit
616 916 794 949 uocem
831 900 1351 949 conuenientissimam
1389 901 1721 950 conscientiae
1757 917 1903 950 suae:

235 983 577 1044 ecquandone,
604 980 777 1044 inquit,
804 981 1070 1044 propinqui
1093 981 1353 1044 amicique,
1380 981 1591 1031 similem
1617 981 1715 1031 mei
1740 981 1901 1030 ciuem

187 1078 209 1118 3
234 1062 438 1111 habebit
462 1080 537 1112 res
562 1062 799 1126 publica?
867 1064 1001 1112 hunc
1029 1065 1180 1112 finem
1214 1063 1510 1112 clarissimus
1543 1063 1736 1113 iuuenis
1769 1063 1901 1112 uitae
1930 1081 1979 1110 10

234 1143 434 1193 habuit:
471 1144 611 1193 cuius
636 1161 831 1194 morum
856 1144 1061 1194 minime
1086 1145 1338 1194 omittatur
1361 1155 1719 1208 argumentum.
1786 1162 1901 1194 cum

232 1225 512 1274 aedificaret
559 1227 767 1275 domum
808 1225 859 1274 in
902 1226 1091 1275 Palatio
1138 1226 1188 1274 in
1229 1243 1297 1275 eo
1344 1228 1470 1286 loco,
1520 1226 1607 1275 ubi
1653 1236 1727 1275 est
1774 1243 1902 1290 quae

234 1309 488 1369 quondam
509 1307 778 1368 Ciceronis,
796 1325 913 1357 mox
932 1307 1193 1358 Censorini
1211 1308 1315 1368 fuit,
1334 1326 1468 1357 nunc
1487 1308 1645 1357 Statili
1664 1308 1901 1358 Sisennae

233 1399 318 1447 est,
346 1388 751 1452 promitteretque
776 1389 821 1438 ei
852 1389 1162 1450 architectus,
1190 1390 1257 1439 ita
1288 1407 1341 1439 se
1370 1407 1480 1439 eam
1509 1390 1896 1449 aedificaturum,

232 1480 285 1518 ut
317 1469 440 1519 liber
471 1487 501 1518 a
532 1480 804 1534 conspectu
835 1470 1154 1535 inmunisque
1184 1472 1248 1521 ab
1284 1471 1517 1521 omnibus
1549 1471 1741 1521 arbitris
1770 1482 1898 1522 esset
1928 1489 1974 1529 15

231 1568 395 1615 neque
419 1551 679 1616 quisquam
715 1552 766 1600 in
803 1570 913 1601 eam
949 1553 1203 1617 despicere
1238 1563 1419 1617 posset,
1457 1563 1511 1602 tu
1547 1571 1680 1613 uero,
1718 1553 1893 1618 inquit,

230 1633 269 1681 si
295 1633 417 1696 quid
440 1633 491 1682 in
524 1643 573 1683 te
604 1633 719 1683 artis
744 1644 831 1694 est,
858 1634 926 1683 ita
949 1652 1197 1698 compone
1221 1637 1429 1684 domum
1459 1652 1636 1695 meam,
1664 1645 1731 1695 ut,
1758 1635 1898 1699 quid-

229 1714 350 1778 quid
373 1732 530 1778 agam,
557 1716 621 1764 ab
646 1715 879 1765 omnibus
903 1716 1114 1780 perspici
1137 1716 1305 1780 possit.
1370 1715 1453 1783 [In
1477 1716 1667 1780 legibus
1685 1717 1897 1767 Gracchi

227 1796 353 1846 inter
375 1797 790 1860 perniciosissima
808 1798 1119 1859 numerarim,
1141 1801 1279 1863 quod
1303 1809 1436 1849 extra
1456 1799 1650 1848 Italiam
1674 1800 1896 1849 colonias

227 1879 404 1941 posuit.
478 1879 531 1929 id
562 1880 786 1940 maiores,
819 1897 933 1929 cum
969 1881 1195 1930 uiderent
1228 1890 1366 1930 tanto
1398 1881 1728 1944 potentiorem
1760 1884 1894 1945 Tyro
1921 1897 1972 1924 20

228 1961 592 2024 Carthaginem,
622 1962 896 2011 Massiliam
922 1964 1163 2023 Phocaea,
1192 1965 1453 2026 Syracusas
1479 1963 1735 2024 Corintho,
1758 1963 1895 2027 Cyzi-

226 2059 341 2090 cum
365 2060 424 2092 ac
450 2043 740 2106 Byzantium
762 2044 953 2105 Mileto,
974 2044 1173 2108 genitali
1198 2047 1320 2106 solo,
1342 2045 1600 2109 diligenter
1618 2045 1893 2095 uitauerant
2000 1972 2011 2140 l

286 2185 303 2210 1
337 2173 508 2222 quando
531 2172 610 2225 ((Τῐι
626 2172 690 2224 A)
711 2172 811 2226 ΑΡ,
835 2174 881 2224 cs.
902 2186 968 2223 52.
988 2171 1015 2212 6
1098 2175 1267 2224 incepta
1287 2174 1328 2212 A
1350 2188 1359 2213 :
1389 2180 1542 2226 coepta
1560 2173 1603 2212 P
1722 2188 1747 2214 2
1767 2177 1890 2214 cade·
2003 2200 2014 2235 Σ,

227 2227 328 2264 bant
347 2226 517 2279 Lipsius
661 2241 686 2277 3
717 2227 833 2268 imm.
852 2228 943 2267 ΑΡ
1021 2229 1239 2278 incognita
1258 2228 1356 2281 ΑΡ,
1384 2242 1459 2270 em.
1483 2228 1700 2268 Am'dalius
1781 2243 1890 2280 quae
1998 2236 2014 2262 «Α

549 2292 641 2322 quae
656 2293 738 2314 eum
1093 2282 1230 2316 cinctus
1992 2260 2007 2379 ἦ

226 2322 378 2381 eumP
390 2337 400 2362 ε
426 2331 513 2373 que
533 2337 616 2374 qua
636 2326 746 2363 &um
759 2323 801 2362 A
823 2324 910 2377 (sic)
1023 2340 1049 2376 4
1076 2325 1311 2366 eunetis-m
1324 2325 1367 2364 A
1389 2325 1475 2378 (sic)
1567 2338 1667 2364 area
1685 2333 1886 2378 suprascr.

224 2378 332 2431 atrio
352 2391 426 2431 A:
455 2392 618 2432 atrioP
737 2405 762 2443 5
792 2407 1022 2443 percussus
1040 2400 1110 2435 est
1126 2395 1169 2434 A
1193 2394 1281 2448 (sic)
1412 2396 1438 2434 8
1464 2389 1779 2440 &scientiaeA
1800 2397 1889 2446 (sic)

224 2461 251 2496 9
281 2448 502 2496 ecquando
532 2461 587 2486 ne
615 2447 680 2487 P:
719 2454 762 2487 et
790 2462 847 2498 qn
877 2461 931 2487 ne
958 2448 1001 2487 A
1187 2462 1235 2488 12
1265 2451 1438 2489 domum
1466 2448 1549 2488 BA
1571 2463 1581 2488 :
1619 2450 1824 2500 templum
1851 2450 1895 2489 P

208 2512 276 2549 ,15
299 2502 431 2540 libera
451 2515 476 2540 a
490 2501 587 2553 AP,
606 2515 685 2542 em.
706 2503 894 2542 Fro'hlich
1004 2504 1287 2554 immunisque
1308 2508 1346 2544 &
1366 2505 1419 2543 ab
1439 2504 1634 2543 omnibus
1650 2505 1888 2545 hominibus

225 2562 341 2595 esset
360 2555 403 2594 A
425 2561 463 2595 et
483 2557 549 2601 sic,
571 2570 654 2597 om.
678 2560 732 2608 &,
751 2557 817 2595 P·
808 2587 818 2597 .
846 2558 872 2598 i.
894 2558 946 2596 ab
966 2571 1006 2598 0.
1028 2559 1198 2598 arbitris
1224 2573 1263 2598 e.
1283 2559 1326 2597 B
1342 2574 1352 2599 ε
1381 2559 1434 2597 ab
1454 2559 1643 2597 omnium
1662 2559 1888 2598 luminibus

222 2609 337 2649 Pn'ce
359 2610 421 2649 ad
438 2610 597 2662 Apulei
617 2611 873 2663 Apologiam
887 2619 934 2664 p.
960 2614 1036 2651 106
1144 2613 1218 2652 sed
1241 2619 1285 2652 et
1313 2613 1426 2663 quod
1450 2613 1568 2653 habet
1583 2613 1626 2650 A
1651 2618 1784 2664 potest
1808 2627 1891 2654 esse

225 2665 353 2703 etiam
373 2665 452 2716 (et)
573 2667 623 2704 16
643 2666 749 2716 disp.
769 2666 812 2704 A
926 2669 1063 2717 possit
1082 2667 1195 2707 AP:
1223 2674 1372 2718 posset
1390 2668 1532 2706 Miller
1651 2680 1698 2717 17
1727 2669 1765 2707 si
1785 2669 1887 2719 quid

224 2720 328 2758 artis
358 2719 401 2758 in
430 2726 474 2759 te
504 2725 571 2759 est
594 2721 716 2771 prius
744 2720 786 2758 A
809 2721 989 2771 sortasse
1022 2726 1115 2760 recte
1224 2736 1359 2772 comp.
1388 2722 1474 2762 ΑΡ
1580 2722 1783 2772 quidquid
1811 2722 1886 2763 A:

223 2773 423 2823 quicquid
442 2773 486 2812 P
668 2776 717 2813 18
752 2774 876 2814 Verba
909 2776 958 2814 In
986 2776 1150 2826 legibus
1182 2776 1367 2816 Gracchi
1395 2807 1407 2817 .
1441 2807 1450 2816 .
1478 2806 1490 2817 .
1526 2778 1699 2816 condita
1732 2783 1798 2816 est
1827 2776 1891 2816 hic

224 2827 421 2877 leguntur
445 2829 489 2868 in
516 2827 626 2868 ΑΡ.
622 2843 630 2852 ·
667 2842 714 2867 ea
744 2829 916 2869 Cludius
946 2831 1235 2895 transponebat
1262 2835 1310 2870 ut
1326 2832 1462 2881 finem
1484 2832 1666 2881 facerent
1693 2846 1721 2871 c.
1745 2844 1766 2880 7
1791 2836 1888 2882 post

223 2882 438 2921 uindictae
455 2884 566 2923 data.
615 2883 787 2923 Retinui
797 2884 978 2924 ordinem
993 2886 1068 2935 qui
1080 2890 1140 2924 est
1157 2887 1200 2925 in
1214 2885 1304 2924 ΑΡ
1314 2899 1407 2925 cum
1413 2886 1711 2935 fragmentum
1724 2887 1887 2936 possint

219 2949 300 2973 esse
323 2937 503 2987 perditae
532 2937 791 2989 digressionis
819 2940 864 2978 in
894 2953 976 2990 qua
1004 2939 1140 2979 Drusi
1165 2941 1319 2991 incepta
1348 2953 1442 2979 cum
1475 2940 1747 2980 Gracchorum
1777 2953 1883 2978 com-

212 2995 368 3039 parata
385 2995 487 3029 sunt
598 3004 649 3042 19
677 2993 937 3033 numerarim
956 2993 998 3031 A
1020 3007 1030 3033 :
1060 2995 1375 3035 numerauerim
1373 2989 1436 3032 P
1542 3006 1589 3032 21
1618 2994 1817 3034 Phochea
1836 2994 1879 3032 A

215 3057 267 3081 22
299 3044 546 3095 Bysantium
566 3046 608 3084 A

1995 2494 1999 2532 ἑ

1019 3123 1066 3162 32
