2014 3392
820 251 1039 301 LIBER
1074 251 1130 300 11

47 430 51 435 -
133 392 402 443 Germania
439 402 526 442 aut
565 391 737 443 uidere
771 391 931 442 maius
964 401 1051 442 aut
1085 391 1249 441 mirari
1283 391 1440 457 magis
1474 392 1629 457 potui,
1656 409 1808 458 quam

131 476 271 538 quod
316 473 599 538 imperatori
645 490 921 537 numquam
966 475 1097 523 adeo
1142 474 1244 523 ulla
1289 483 1536 538 oportuna
1580 473 1689 524 uisa
1734 484 1810 524 est

131 554 370 605 uictoriae
414 554 627 616 occasi0‚
675 571 827 619 quam
885 555 1074 605 damno
1129 554 1298 605 amissi
1354 565 1584 619 pensaret
1641 555 1810 606 militis

131 652 428 700 semperque
461 636 624 686 uisum
661 645 736 686 est
769 635 1053 700 gloriosum,
1080 638 1219 700 quod
1253 646 1384 686 esset
1418 636 1733 698 tutissimum,
1760 646 1811 687 et

83 733 108 774 5
130 727 250 767 ante
294 717 630 768 conscientiae
683 734 834 782 quam
880 719 1043 768 famae
1097 719 1381 768 consultum
1428 735 1523 769 nec
1569 735 1809 782 umquam

133 798 343 848 consilia
381 798 524 850 ducis
560 798 748 850 iudicio
788 798 1044 860 exercituS,
1084 801 1174 850 sed
1214 799 1455 850 exercitus
1495 799 1812 864 prouidentia

132 880 276 930 ducis
299 891 463 931 rectus
485 890 573 931 est.

192 963 380 1026 Magna
401 961 454 1011 in
479 962 613 1012 bello
632 961 916 1013 Delmatico
943 962 1280 1028 experimenta
1302 962 1496 1013 uirtutis
1511 962 1563 1012 in
1588 964 1809 1015 †multos
1832 963 1917 1011 116

131 1059 193 1093 ac
238 1043 451 1094 difficilis
491 1046 631 1094 locos
677 1043 976 1108 praemissus
1024 1044 1352 1095 Germanicus
1397 1044 1570 1107 dedit3
1626 1044 1810 1095 celebri
1834 1070 1854 1098 2

60 1137 114 1167 ¹0
132 1124 282 1175 etiam
319 1141 473 1189 opera
507 1124 832 1190 diligentique
870 1124 1050 1175 Vibius
1088 1129 1355 1176 Postumus
1402 1126 1478 1176 uir
1523 1126 1810 1187 consulariS,

132 1207 443 1272 praepositus
463 1207 756 1268 Delmatiae,
774 1217 1068 1257 ornamenta
1081 1207 1260 1257 meruit
1278 1207 1623 1272 triumphalia:
1659 1225 1812 1272 quem

131 1289 376 1338 honorem
435 1298 553 1338 ante
597 1305 786 1353 paucos
836 1305 996 1338 annos
1052 1288 1317 1339 Passienus
1371 1299 1422 1339 et
1468 1291 1670 1351 CossuS,
1719 1289 1812 1340 uiri

135 1372 163 1428 †
180 1370 482 1435 quibusdam
501 1370 710 1421 diuersis
727 1370 993 1420 uirtutibus
1012 1372 1248 1432 celebres,
1265 1371 1317 1421 in
1333 1371 1501 1421 Africa
1515 1382 1809 1422 meruerant.

133 1455 223 1504 sed
259 1454 448 1504 Cossus
482 1452 721 1503 uictoriae
765 1452 1107 1503 testimonium
1142 1452 1292 1503 etiam
1327 1453 1379 1503 in
1426 1471 1708 1518 cognomen
1743 1454 1814 1504 fili

12 1535 13 1539 ’
60 1555 112 1597 ¹5
134 1535 360 1597 contulit,
389 1535 723 1586 adulescentis
758 1535 809 1585 in
845 1535 1071 1586 omnium
1107 1536 1347 1586 uirtutum
1382 1539 1610 1601 exempla
1643 1536 1809 1602 geniti.

132 1627 184 1667 at
222 1616 483 1667 Postumio
528 1634 736 1681 operum
785 1619 840 1666 L.
890 1617 1142 1682 Apronius
1188 1617 1435 1683 particeps
1480 1617 1564 1668 illa
1609 1635 1813 1683 quoque
1837 1637 1862 1677 3

134 1697 310 1748 militia
348 1714 450 1758 eos,
494 1714 622 1762 quos
659 1714 776 1748 mox
813 1708 1112 1748 consecutus
1158 1708 1247 1760 est,
1290 1700 1506 1750 honores
1553 1700 1813 1750 excellenti

134 1781 316 1831 uirtute
340 1779 531 1830 meruit.
582 1779 774 1849 utinam
794 1798 896 1831 non
912 1780 1182 1831 maioribus
1206 1781 1554 1846 experimentis
1578 1792 1813 1833 testatum

134 1874 279 1925 esset,
322 1873 565 1928 quantum
603 1862 655 1912 in
702 1862 841 1913 omni
888 1881 941 1914 re
986 1866 1185 1914 fortuna
1222 1869 1422 1929 posset!
1480 1866 1570 1916 sed
1617 1865 1668 1915 in
1715 1866 1815 1916 hoc

60 1967 115 1997 20
135 1963 339 2011 quoque
382 1962 564 2010 genere
608 1946 812 1996 abunde
856 1946 1060 2011 agnosci
1101 1946 1177 1997 uis
1219 1946 1325 1997 eius
1362 1957 1538 2012 potest.
1612 1965 1728 1998 nam
1765 1958 1816 1999 et

136 2028 309 2079 Aelius
334 2027 521 2088 Lamia,
547 2027 624 2077 uir
645 2027 975 2093 antiquissimi
1011 2029 1163 2079 moris
1198 2039 1248 2079 et
1279 2029 1490 2094 priscam
1522 2029 1814 2095 grauitatem

135 2126 285 2175 super
323 2109 632 2159 humanitate
669 2119 965 2174 temperanS,
1005 2110 1056 2160 in
1105 2100 1373 2162 Germania
1420 2111 1719 2177 Illyricoque
1765 2122 1816 2164 et

136 2207 253 2241 mox
308 2190 358 2240 in
411 2190 579 2240 Africa
632 2190 1046 2255 splendidissimis
1105 2193 1304 2243 functus
1362 2192 1659 2256 ministeriis,
1709 2212 1813 2246 non

137 2272 328 2334 merito,
355 2274 444 2323 sed
483 2272 687 2323 materia
723 2272 980 2338 apiscendi
1018 2274 1335 2340 triumphalia
1371 2277 1596 2327 defectus
1638 2287 1726 2339 est,
1765 2286 1814 2328 et
1837 2294 1863 2332 4

191 2415 219 2443 2
246 2409 460 2456 oportuna
488 2402 548 2452 A,
580 2402 629 2454 σῖ
655 2415 745 2444 120.
770 2416 796 2454 4
990 2418 1015 2454 4
1044 2403 1277 2456 gloriosum
1304 2403 1415 2446 AP:
1459 2405 1812 2456 gloriosissimum

136 2457 276 2498 Halm
385 2470 411 2508 5
430 2470 557 2509 quam
578 2471 660 2498 om.
684 2458 728 2497 A
843 2457 956 2499 same
974 2458 1018 2498 A
1132 2472 1212 2499 nec
1232 2472 1419 2510 unquam
1438 2458 1500 2502 P:
1533 2473 1684 2500 necum
1697 2462 1814 2512 quod

137 2511 222 2552 BA
334 2513 363 2553 8
384 2513 520 2552 Delm.
535 2511 579 2551 Β
590 2517 735 2554 eroon.
749 2514 793 2553 A
813 2529 825 2555 z
855 2513 991 2553 Dalm.
1015 2512 1059 2552 P
1073 2517 1110 2553 et
1120 2514 1299 2566 pn’usA
1413 2528 1468 2554 ne
1497 2514 1571 2556 del.
1590 2520 1687 2555 ante
1703 2516 1747 2555 in
1767 2515 1811 2555 A

137 2566 321 2607 incultos
359 2566 560 2607 Heinsius
797 2581 825 2620 9
853 2567 1037 2609 difficilis
1073 2568 1117 2607 A
1341 2569 1500 2610 celebri
1534 2568 1644 2612 AP:
1684 2572 1695 2593 ‘
1708 2571 1818 2611 alias

137 2622 318 2663 celebris
331 2622 342 2638 '
363 2620 501 2661 Bam
610 2634 661 2663 ro
680 2622 872 2675 diligenti
885 2622 998 2675 quib.
1016 2623 1081 2663 ius
1100 2622 1327 2663 Postumus
1339 2623 1383 2662 A
1401 2643 1410 2666 ε
1433 2625 1642 2676 diligenti.
1658 2626 1816 2677 quibus

139 2676 272 2717 lulius
289 2676 564 2716 posthumius
579 2675 641 2719 P:
666 2679 678 2700 ‘
689 2690 749 2718 ex.
769 2683 845 2719 ust.
863 2677 983 2718 habet
999 2677 1077 2719 lul.
1094 2678 1318 2719 Postumus
1331 2679 1342 2695 '
1355 2677 1512 2721 Bam:
1534 2680 1815 2732 diligentique

142 2730 268 2772 Voss:
298 2731 447 2771 Vibius
468 2730 695 2772 Postumus
716 2731 892 2785 Pighius
907 2732 1070 2772 Annal.
1093 2733 1149 2773 iii.
1165 2740 1211 2786 p.
1232 2733 1314 2785 538
1465 2746 1511 2774 11
1543 2736 1816 2786 praepositus

137 2784 200 2828 P:
228 2798 340 2838 quae
361 2786 525 2838 positus
544 2786 587 2825 A
703 2786 941 2828 Delmatiae
960 2786 1044 2827 ΒΑ
1062 2802 1072 2829 2
1105 2787 1343 2828 Dalmatiae
1362 2786 1407 2827 P
1561 2801 1611 2840 13
1639 2790 1815 2841 quibus-

138 2841 235 2881 dam
256 2840 368 2881 AF:
401 2841 597 2891 quamuis
626 2839 783 2883 Bothe:
815 2854 1069 2894 quamquam
1099 2842 1265 2884 Halm:
1293 2846 1473 2892 sonasse
1506 2844 1815 2937 ffiuantumuisz

138 2896 323 2936 diuersis
334 2896 589 2947 quibusdam
609 2894 801 2936 Wahelm
916 2898 967 2937 16
983 2897 1052 2937 Ad
1069 2895 1154 2936 BA
1269 2897 1488 2938 Posthumi
1562 2913 1572 2939 ε
1594 2899 1815 2941 Postumio

137 2948 241 2997 BA,
262 2950 376 3002 quod
389 2964 484 2989 cum
506 2949 656 2990 Onuio
675 2951 827 2991 retinui
989 2964 1041 3003 19
1067 2952 1150 2992 hoc
1173 2951 1383 2993 Gelenius:
1415 2953 1508 2992 loco
1527 2953 1570 2992 A
1576 2952 1619 2993 P
1761 2967 1811 2995 21

136 3004 291 3045 Aelius
313 3004 456 3045 Lamia
477 3003 684 3045 Ruhnken
702 3020 719 3068 :-
741 3006 869 3046 etiam
890 3004 981 3046 ΑΡ
1086 3018 1140 3046 aa
1167 3020 1301 3059 super
1319 3007 1362 3047 A
1379 3025 1389 3050 z
1422 3020 1594 3060 semper
1611 3007 1656 3048 P
1762 3022 1815 3061 24

137 3101 357 3154 apiscendi
370 3101 564 3155 ffiusA,
582 3059 1049 3156 mmdnucpmxnpeum
1067 3108 1138 3154 ese,
1157 3102 1295 3144 addito
1316 3138 1335 3158 a
1356 3118 1368 3147 z
1404 3104 1670 3159 adipiscendi
1689 3106 1734 3147 P

944 3192 1021 3236 ιη
