2014 3392
839 259 1058 307 LIBER
1095 260 1150 308 11

147 396 215 447 rei
256 397 485 461 publioee
525 396 775 458 membris,
817 397 966 448 etiam
1013 400 1302 448 coaluerunt
1347 415 1475 462 quae
1522 409 1622 448 tam
1669 401 1817 463 longa

145 495 396 528 armorum
436 478 585 529 series
625 480 941 530 lacerauerat.
1010 479 1273 540 Delmatia,
1321 497 1476 529 annos
1520 495 1595 528 xx
1653 491 1703 530 et
1753 495 1815 529 cc

146 560 355 620 rebellis,
380 563 447 611 ad
478 570 662 610 certam
694 560 1059 610 confessionem
1087 571 1263 625 pacata
1293 571 1368 611 est
1402 561 1588 625 imperi.
1662 564 1815 626 Alpes

145 641 258 692 feris
282 642 579 707 incultisque
602 642 887 692 nationibus
911 643 1129 693 celebres
1147 642 1466 707 perdomitae.
1541 643 1816 707 Hispaniae

98 742 122 782 5
146 740 282 773 nunc
327 723 480 788 ipsius
526 723 815 788 praesentia,
864 741 999 773 nunc
1044 723 1306 788 Agrippae,
1356 741 1506 788 quem
1553 741 1711 788 usque
1765 724 1815 773 in

147 804 344 855 tertium
369 808 682 856 consulatum
707 816 757 856 et
781 823 898 856 mox
932 805 1195 870 collegium
1232 806 1523 856 tribuniciae
1557 806 1815 870 potestatis

144 888 362 938 amicitia
397 888 632 953 principis
669 899 911 950 euexerat,
938 891 1095 939 multo
1119 889 1357 954 uarioque
1394 892 1556 940 Marte
1593 900 1810 954 pacatae.

145 970 196 1020 in
221 987 345 1035 quas
369 971 649 1036 prouincias
674 990 788 1022 cum
814 971 955 1022 initio
979 971 1212 1037 Scipione
1236 982 1286 1022 et
1317 973 1612 1037 Sempronio
1638 975 1813 1037 Longo
1836 995 1854 1022 2

146 1054 435 1104 consulibus
470 1054 631 1119 primo
665 1072 800 1105 anno
835 1055 1043 1105 secundi
1076 1057 1191 1104 belli
1227 1055 1403 1106 Punici
1437 1056 1621 1106 abhinc
1655 1073 1815 1106 annos

75 1153 126 1182 10
145 1150 243 1185 cet.
267 1135 485 1186 Romani
508 1136 748 1186 exercitus
773 1136 1021 1186 misissent
1048 1139 1177 1187 duce
1202 1138 1294 1188 Cn.
1322 1137 1570 1203 Scipione,
1596 1138 1816 1188 Africani

145 1228 335 1282 patruo,
361 1235 450 1282 per
475 1236 635 1269 annos
672 1234 736 1268 cc
773 1218 824 1268 in
862 1218 939 1269 his
978 1221 1135 1269 multo
1171 1229 1446 1284 mutuoque
1477 1220 1545 1270 ita
1576 1230 1815 1270 certatum

144 1309 220 1349 est
254 1299 507 1364 sanguine,
534 1310 589 1349 ut
622 1300 815 1350 amissis
848 1303 900 1350 P.
930 1302 991 1350 R.
1019 1300 1395 1365 imperatoribus
1424 1302 1817 1368 exercitibusque

144 1397 293 1445 saepe
325 1381 639 1442 contumelia,
666 1399 1046 1446 nonnumquam
1084 1382 1234 1432 etiam
1270 1383 1543 1447 periculum
1585 1388 1818 1437 Romano

146 1462 404 1513 inferretur
443 1462 663 1527 imperio.
737 1463 849 1513 illae
889 1463 1024 1514 enim
1065 1464 1351 1528 prouinciae
1398 1466 1656 1531 Scipiones
1704 1486 1819 1519 con·
1842 1491 1866 1531 3

75 1562 123 1606 ¹5
145 1555 462 1609 sumpserunt
478 1564 493 1606 3
541 1545 652 1596 illae
693 1546 1056 1596 contumelioso
1097 1554 1218 1598 †xx
1263 1565 1508 1598 annorum
1550 1550 1683 1600 bello
1724 1552 1818 1602 sub

144 1629 275 1678 duce
312 1627 538 1678 Viriatho
576 1628 786 1678 maiores
834 1638 1028 1679 nostros
1069 1640 1422 1692 exercuerunt,·
1478 1630 1590 1681 illae
1637 1642 1818 1683 terrore

147 1708 442 1759 Numantini
474 1709 592 1759 belli
629 1712 870 1774 populum
905 1712 1194 1760 Romanum
1227 1723 1614 1774 concusserunt3
1648 1713 1699 1763 in
1724 1714 1818 1764 illis

145 1802 287 1857 turpe
322 1793 386 1856 Q.
415 1792 623 1857 Pompei
663 1794 840 1843 foedus
882 1792 1170 1857 turpiusque
1207 1794 1432 1844 Mancini
1468 1806 1666 1846 senatus
1702 1814 1817 1846 curn

146 1873 419 1939 ignominia
441 1874 598 1925 dediti
622 1874 929 1939 imperatoris
953 1875 1153 1926 rescidit
1169 1895 1183 1938 3
1229 1876 1311 1926 illa
1335 1887 1409 1927 tot
1433 1878 1717 1940 consularis,
1744 1889 1818 1930 tot

72 1973 125 2002 πο
146 1956 416 2020 praetorios
452 1956 730 2021 absumpsit
776 1958 944 2017 duceS‚
987 1966 1283 2022 patrumque
1322 1968 1482 2009 aetate
1523 1958 1574 2008 in
1624 1969 1815 2010 tantum

143 2038 413 2088 Sertorium
436 2038 585 2088 armis
609 2038 794 2099 extulit,
821 2049 875 2088 ut
898 2056 986 2103 per
1008 2038 1406 2103 quinquennium
1430 2040 1689 2092 diiudicari
1713 2059 1816 2093 non
1893 2061 1898 2069 ·

144 2120 372 2185 potuerit,
402 2120 642 2186 Hispanis
669 2120 977 2171 Romanisne
1001 2120 1052 2170 in
1076 2121 1224 2171 armis
1249 2123 1359 2186 plus
1383 2132 1512 2173 esset
1540 2124 1730 2175 roboris
1766 2135 1815 2176 et

142 2214 251 2254 uter
287 2206 501 2269 populus
536 2203 675 2254 alteri
716 2204 958 2269 pariturus
998 2206 1135 2255 foret.
1208 2207 1297 2255 has
1344 2205 1488 2271 igitur
1533 2208 1814 2272 prouincias
1837 2221 1863 2259 4

142 2294 243 2335 tam
267 2285 485 2347 dissum,
507 2296 607 2335 tam
632 2285 916 2350 frequentiS,
937 2296 1038 2336 tam
1062 2288 1187 2337 feras
1210 2289 1276 2338 ad
1300 2304 1411 2338 eam
1429 2304 1605 2352 pacem
1628 2290 1814 2341 abhinc

70 2372 120 2415 ²5
139 2384 300 2419 annos
337 2369 491 2418 ferme
529 2383 559 2417 1.
595 2367 822 2433 perduxit
851 2369 1033 2420 Caesar
1064 2372 1331 2434 AugustuS,
1358 2380 1413 2420 ut
1436 2387 1564 2435 quae
1588 2372 1812 2424 maximis

203 2506 222 2533 1
253 2494 379 2534 etiam
399 2493 650 2534 coaluerunt
667 2506 740 2545 ego
761 2497 986 2545 postquam
1006 2493 1142 2547 Bergk
1167 2500 1210 2534 et
1230 2494 1425 2535 coaluere
1444 2502 1738 2548 proposuerat.
1768 2505 1812 2539 et

142 2561 286 2589 coram
305 2549 438 2589 aliero
457 2547 555 2595 ΑΡ.
580 2547 672 2587 uide
690 2547 852 2590 comm.
878 2547 977 2590 Cn't.
1145 2562 1172 2589 2
1202 2549 1396 2590 Damatia
1415 2563 1474 2591 xx
1494 2557 1538 2591 et
1557 2564 1620 2591 cc·
1641 2553 1814 2594 rebellis

142 2602 214 2645 A:
259 2602 470 2643 Dalmatia
497 2604 571 2644 ῐῐ.
594 2606 633 2644 81.
654 2615 715 2643 cc.
745 2602 916 2643 rebellis
934 2602 1000 2644 Ρ.
1028 2617 1167 2645 annos
1195 2604 1289 2644 add.
1313 2610 1409 2656 post
1436 2618 1486 2646 cc
1514 2606 1692 2658 Lipsuus,
1718 2613 1816 2661 post

146 2657 357 2699 Dalmatia
388 2657 538 2700 OrrIIi:
560 2670 639 2709 per
656 2670 794 2697 annos
813 2656 961 2698 Nova'k
1068 2671 1094 2709 4
1123 2659 1380 2711 incultisque
1399 2660 1623 2704 Heeffznsaus
1655 2663 1815 2704 multis-

173 2726 229 2753 ue
247 2712 340 2753 ΑΡ
353 2711 467 2765 quod
478 2712 663 2752 seruauit
681 2711 805 2752 Κηϊα
931 2713 1202 2778 perdomitae
1213 2714 1278 2754 Ρ.
1309 2727 1385 2765 per
1404 2715 1471 2754 do
1495 2716 1583 2766 (sib)
1604 2715 1649 2756 A
1789 2729 1814 2769 5

253 2780 337 2819 ppe
355 2767 399 2807 A
526 2768 555 2806 6
582 2767 814 2825 tribQae
832 2765 924 2806 ΑΡ
1029 2779 1053 2819 7
1081 2769 1272 2809 amicicia
1289 2768 1333 2809 A
1446 2770 1473 2810 8
1501 2771 1736 2822 prouintias
1750 2772 1813 2826 A,

143 2836 255 2876 aaz·
275 2848 337 2886 14,
359 2847 413 2886 23
605 2849 635 2887 9
661 2835 774 2876 COS
793 2834 866 2877 A:
906 2835 1070 2878 COSS.
1098 2835 1142 2876 Ρ
1329 2836 1428 2877 belli
1457 2837 1552 2879 add.
1591 2837 1816 2882 Heinsius·

144 2889 343 2941 ‘sortasse
357 2889 755 2942 subintelligendum,
779 2902 864 2931 non
883 2889 1161 2931 n‘nuehmdum
1181 2890 1281 2931 belli
1295 2891 1307 2909 ¹
1327 2890 1528 2944 Wopkens
1635 2906 1751 2935 anno
1770 2894 1814 2935 A

150 2957 200 2985 xo
228 2945 446 2986 misissent
465 2944 508 2984 A
528 2958 539 2984 ε
568 2945 684 2985 missi
704 2950 853 2986 essem
872 2943 916 2984 Ρ
1036 2958 1081 2986 rr
1112 2945 1195 2986 hiis
1214 2945 1289 2986 A·
1318 2946 1385 2987 his
1404 2946 1448 2986 P
1611 2961 1662 2988 12
1692 2948 1739 2989 P·
1761 2949 1816 2989 R-

147 2999 364 3041 Gelem'us:
404 2999 584 3040 Praetor
608 2998 701 3039 ΑΡ
861 3011 910 3051 13
938 3001 1065 3041 etiam
1100 3013 1404 3053 nonnunquam
1433 3001 1532 3054 ΑΡ,
1567 3005 1821 3056 transposuit

147 3054 338 3095 Gelenius
506 3065 554 3104 15
581 3054 716 3094 immo
742 3066 770 3095 x
796 3058 843 3093 ut
866 3054 1036 3107 Lipsius
1053 3055 1184 3095 uolm‘t
1352 3057 1403 3097 16
1431 3057 1583 3098 timore
1610 3057 1701 3109 del„
1724 3058 1816 3099 dem

144 3115 348 3160 supr-m.
385 3114 552 3149 terrore
579 3108 624 3148 A
780 3121 833 3161 ¹9
859 3108 977 3150 dedit
995 3109 1039 3149 A
1181 3110 1379 3152 restindit
1397 3110 1440 3151 A
1568 3112 1816 3155 consulares

392 3175 447 3204 aa
474 3163 630 3215 poterit
648 3161 733 3204 BA
914 3174 968 3215 25
995 3175 1162 3207 annom.
1185 3164 1229 3208 A

957 3239 1035 3282 103
