2014 3392
830 241 1049 290 LI’BER
1084 241 1141 290 ΙΙ

143 378 386 443 recipiens
408 395 645 443 magnum
661 380 869 429 modum
888 378 1141 443 legionum
1160 380 1388 430 effecerat
1406 397 1593 444 perque
1610 383 1817 431 Menam

141 470 191 510 et
229 462 551 510 Menecraten
585 469 819 524 paternos
853 459 1070 521 libertOS‚
1104 462 1379 525 praefectos
1403 461 1649 523 classium,
1676 458 1818 513 latro-

141 540 284 591 ciniis
319 557 381 590 ac
416 540 821 605 praedationibus
858 540 1091 591 infestato
1122 540 1244 591 mari
1275 543 1342 592 ad
1370 559 1424 592 se
1447 542 1817 607 exercitumque

139 623 384 672 tuendum
423 631 566 686 rapto
605 621 849 683 utebatur,
889 639 1005 671 cum
1046 639 1163 672 eum
1203 639 1307 672 non
1344 625 1619 688 depuderet
1659 623 1819 675 uindi-

93 721 117 761 ⁵
139 712 306 752 catum
351 702 500 753 armis
544 719 605 753 ac
645 704 800 753 ductu
840 702 992 767 patris
1037 702 1115 753 sui
1155 720 1290 753 mare
1330 702 1560 754 infestare
1601 704 1816 768 piraticis

138 783 421 834 sceleribus.

206 866 249 914 F
248 864 393 914 raetis
431 862 679 914 Brutianis
721 863 1072 928 Cassianisque
1108 864 1330 929 partibus
1372 865 1623 916 Antonius
1664 876 1816 917 trans·
1835 878 1901 929 74

138 945 351 995 marinas
374 945 599 995 obiturus
630 944 913 1009 prouincias
950 945 1181 996 substitit.
1255 947 1440 998 Caesar
1461 947 1514 996 in
1540 947 1736 997 Italiam
1761 966 1814 999 se

136 1027 322 1091 recepit
367 1043 581 1091 &amque
637 1029 786 1091 longe
843 1044 995 1091 quam
1053 1038 1335 1092 sperauerat
1380 1028 1813 1079 tumultuosiorem
1847 1068 1851 1071 ψ

67 1128 117 1165 ro
135 1109 361 1174 repperit.
433 1109 620 1174 quippe
662 1111 717 1159 L.
760 1109 1012 1160 Antonius
1047 1111 1238 1172 consul,
1264 1110 1498 1161 uitiorum
1539 1111 1697 1161 fratris
1738 1111 1815 1161 sui
1839 1135 1858 1162 2

135 1207 355 1251 consors,
380 1193 470 1241 sed
502 1190 755 1252 uirtutum,
786 1208 916 1255 quae
950 1190 1199 1242 interdum
1236 1191 1288 1241 in
1323 1191 1409 1242 illo
1444 1202 1596 1254 erant,
1623 1210 1811 1258 expers,

134 1273 290 1322 modo
323 1273 461 1336 apud
495 1282 757 1322 ueteranos
793 1271 1078 1322 criminatus
1112 1274 1391 1335 Caesarem,
1418 1276 1573 1324 modo
1597 1291 1699 1336 eOS,
1726 1274 1812 1339 qui

134 1352 268 1403 iussa
323 1353 571 1404 diuisione
628 1353 944 1418 praediorum
1002 1353 1372 1419 nominatisque
1431 1355 1622 1406 colonis
1668 1373 1811 1420 agros

132 1433 412 1495 amiserant,
437 1436 503 1485 ad
526 1452 664 1484 arma
687 1434 923 1485 conciens
948 1452 1185 1500 magnum
1204 1435 1472 1486 exercitum
1492 1439 1807 1488 conflauerat.

87 1537 111 1578 5
132 1532 192 1566 ex
227 1517 381 1566 altera
417 1526 555 1580 parte
592 1533 715 1566 uxor
750 1515 942 1566 Antoni
981 1515 1170 1578 Fuluia,
1197 1516 1320 1566 nihil
1344 1518 1585 1569 muliebre
1620 1529 1813 1584 praeter
1835 1540 1858 1579 3

130 1614 311 1663 corpus
355 1615 545 1663 gerenS,
593 1597 764 1648 omnia
802 1598 951 1648 armis
998 1601 1314 1664 tumultuque
1360 1600 1613 1651 miscebat.
1686 1603 1812 1652 haec

133 1680 249 1731 belli
290 1682 462 1731 sedem
505 1683 770 1731 Praeneste
811 1690 1039 1746 ceperat3
1090 1681 1342 1732 Antonius
1377 1684 1549 1747 pulsus
1586 1683 1810 1748 undique

132 1760 320 1812 uiribus
344 1761 570 1813 Caesaris
595 1761 851 1812 Perusiam
883 1779 936 1812 se
975 1764 1279 1812 contulerat:
1316 1765 1544 1824 Plancus,
1571 1765 1812 1815 Antonia-

130 1859 305 1893 narum
328 1842 526 1894 adiutor
548 1843 776 1908 partium,
803 1860 944 1908 spem
969 1843 1124 1908 magis
1153 1847 1438 1895 ostenderat
1468 1845 1630 1907 auxili,
1658 1863 1809 1911 quam

81 1949 111 1979 ο
129 1941 279 1990 opem
314 1926 503 1976 serebat
537 1925 775 1976 Antonio,
849 1943 967 1976 usus
1000 1927 1184 1978 Caesar
1211 1926 1392 1978 uirtute
1416 1938 1466 1978 et
1488 1930 1686 1979 fortuna
1721 1946 1811 1980 sua
1831 1952 1858 1991 4

131 2006 383 2057 Perusiam
430 2006 744 2072 expugnauit.
817 2006 1095 2058 Antonium
1154 2007 1449 2059 inuiolatum
1507 1995 1708 2071 dimisit,
1757 2009 1809 2060 in

130 2088 395 2139 Perusinos
420 2089 575 2154 magis
599 2089 670 2139 ira
688 2088 900 2139 militum
919 2106 1070 2154 quam
1090 2091 1348 2141 uoluntate
1366 2090 1611 2142 saeuitum
1635 2092 1778 2142 ducis
1798 2112 1808 2142 :

128 2171 246 2221 urbs
277 2170 495 2233 incensa,
521 2170 662 2222 cuius
697 2170 893 2222 initium
926 2171 1127 2223 incendi
1158 2172 1388 2238 princeps
1420 2173 1526 2224 eius
1562 2173 1659 2224 loci
1691 2174 1809 2225 fecit

130 2253 506 2315 MacedonicuS,
549 2253 635 2318 qui
673 2253 900 2305 subiecto
946 2254 1094 2305 rebus
1139 2271 1200 2305 ac
1245 2255 1509 2320 penatibus
1556 2256 1657 2307 suis
1704 2256 1806 2323 igni

78 2358 104 2399 5
128 2336 414 2386 transfixum
439 2353 493 2387 se
515 2335 682 2401 gladio
707 2338 937 2387 flammae
961 2335 1138 2387 intulit.

196 2420 291 2469 Per
312 2420 489 2470 eadem
515 2429 740 2483 tempora
770 2429 1013 2469 exarserat
1044 2418 1095 2469 in
1134 2419 1412 2485 Campania
1435 2420 1638 2483 bellum,
1665 2424 1803 2486 quod
1826 2432 1891 2485 75

126 2501 376 2567 professus
399 2516 588 2561 eorum,
614 2499 700 2564 qui
739 2499 1057 2565 perdiderant
1092 2517 1250 2565 agrOS,
1277 2501 1607 2567 patrocinium
1641 2502 1805 2553 ciebat

184 2684 202 2713 ι
235 2685 316 2725 per
330 2685 459 2724 quem
478 2671 523 2712 A
637 2629 892 2724 ⁴depudeoet
908 2672 954 2713 A
1053 2684 1079 2724 5
1109 2674 1280 2715 ductum
1374 2676 1403 2714 6
1429 2675 1635 2716 celetibus
1655 2675 1807 2716 Ruhn-

124 2740 199 2782 hm
332 2754 385 2782 ιο
413 2741 604 2793 repperit
621 2740 667 2781 A
687 2755 697 2782 ε
727 2741 888 2793 reperit
908 2740 952 2781 P
1044 2737 1161 2785 CUS
1176 2742 1220 2783 A
1241 2756 1252 2784 z
1282 2743 1408 2785 COS.
1428 2743 1474 2783 Ρ
1620 2757 1669 2796 13
1690 2747 1806 2786 iussa

124 2794 351 2837 Heinsius:
394 2795 505 2836 iuste
535 2794 650 2837 AP:
692 2796 886 2837 instituta
914 2796 1123 2839 Ruhnken
1234 2798 1416 2839 coloniis
1440 2798 1642 2839 Heinsius
1755 2812 1804 2851 15

123 2850 303 2891 Antonii
321 2850 366 2891 Ρ
449 2852 500 2892 16
527 2850 708 2891 tumulto
742 2851 855 2892 ueA
963 2863 1012 2902 ¹7
1033 2852 1154 2893 bellis
1169 2851 1260 2893 ΑΡ
1310 2865 1431 2905 coep.
1448 2853 1492 2893 A
1604 2866 1655 2918 ,¹⁹
1681 2866 1804 2906 spem

124 2903 215 2954 dd..
236 2905 329 2945 dem
361 2918 442 2957 ape
456 2905 532 2946 A·
560 2918 681 2958 spem
756 2919 767 2945 ε
805 2907 885 2946 ’.α
906 2910 1052 2948 must.
1068 2907 1231 2947 satietur
1244 2907 1387 2947 haben
1404 2920 1483 2960 spe
1505 2908 1640 2960 magis
1659 2916 1804 2950 osten·

125 2959 271 3001 derat'
290 2958 431 3000 Banr
479 2959 624 3000 auxilii
645 2959 738 3000 ΑΡ
825 2973 875 3001 ar
908 2960 1077 3003 demisit
1094 2961 1139 3002 A
1229 2974 1282 3014 23
1306 2962 1490 3004 incendii
1510 2962 1602 3003 ΑΡ
1676 2962 1804 3005 soecit

123 3013 169 3055 A
281 3015 337 3056 2⁶
362 3014 552 3055 bollum
542 3027 583 3055 in
599 3015 834 3067 Campania
852 3014 1008 3055 bellum
1028 3015 1071 3056 A
1093 3016 1182 3069 (sic)
1296 3030 1349 3069 27
1378 3030 1428 3057 ex
1444 3017 1677 3071 compendio
1695 3019 1809 3071 quod

124 3073 182 3110 a!
198 3069 243 3110 ἐκ
261 3069 306 3110 A
330 3070 404 3110 uix
420 3069 531 3111 dni-as
548 3070 822 3123 perdiderant
841 3082 898 3111 an
918 3070 1196 3123 prodiderant
1214 3071 1455 3126 signficant
1471 3072 1514 3113 A
1521 3073 1773 3114 merbaeclnus

938 3156 991 3211 89
