2014 3444
814 233 1356 282 PROLEGOMENA
1429 276 1445 289 ,

245 378 329 417 aut
390 386 476 432 per
533 371 715 419 formas
775 370 1043 420 litterarum
1103 372 1616 435 compendiorumque
1669 372 1917 422 scribendi

245 457 455 507 difficilis
481 468 620 508 esset.

315 548 452 596 Inter
488 549 612 597 haec
649 548 861 598 maxime
896 550 1116 598 notabile
1150 549 1274 598 illud
1310 559 1383 598 est
1419 551 1557 612 quod
1601 553 1812 598 Burerus
1854 551 1919 598 ad

244 651 289 697 p.
323 651 396 695 24.
432 653 494 699 39
529 638 605 685 ed.
631 639 714 685 Pr.
751 638 1010 686 adnotauit
1038 642 1094 686 ‘a
1126 638 1195 687 sic
1228 637 1454 686 scribitur
1483 655 1540 686 cc
1556 640 1581 698 ⁷,
1614 647 1917 701 testaturque

243 722 378 771 idem
407 723 484 772 ‘in
510 724 810 787 quibusdam
842 725 949 774 aliis
982 735 1207 774 ueterum
1239 725 1498 774 codicibus
1519 728 1529 748 ²
1554 725 1777 774 inueniri.
1853 727 1917 775 Id

243 827 394 874 quam
411 829 584 861 uerum
604 812 665 862 sit
684 830 819 862 nunc
844 816 1062 874 demum,
1091 814 1235 863 editis
1260 831 1348 877 per
1371 823 1526 863 artem
1542 814 1916 877 phototypicam

243 908 317 949 tot
364 910 588 949 ueterum
638 904 766 951 MSS
815 902 1047 951 codicum
1101 902 1751 966 imaginibus—Chatelaini
1792 920 1919 966 opus

243 987 477 1037 eximium
519 989 752 1039 omnibus
789 990 841 1039 in
882 999 1116 1054 promptu
1157 1008 1265 1040 esse
1303 991 1916 1054 confido—cognouimus.

245 1079 319 1125 Ex
350 1077 426 1126 his
456 1087 650 1127 constat
674 1096 705 1126 a
729 1078 984 1142 apertiore,
1020 1096 1171 1142 quam
1201 1079 1387 1140 dicunt,
1414 1082 1572 1129 forma
1602 1097 1690 1143 per
1718 1097 1763 1139 a,
1792 1097 1919 1143 quae

244 1183 345 1214 non
379 1168 526 1229 longe
559 1166 804 1230 discrepat
835 1184 865 1215 a
892 1184 950 1227 cc,
985 1167 1037 1215 in
1072 1169 1200 1216 MSS
1242 1167 1616 1231 antiquioribus,
1654 1169 1918 1231 praecipue

243 1271 368 1302 saec.
408 1253 586 1314 viii-xi,
630 1257 843 1304 effictam
884 1255 1034 1304 fuisse
1077 1255 1395 1321 (Thompson
1441 1258 1594 1306 Greek
1630 1260 1735 1304 and
1763 1258 1919 1306 Latin

243 1345 613 1407 Palaeograplzy
644 1361 690 1407 p.
734 1362 758 1392 2
767 1347 843 1408 58,
876 1347 1007 1394 Prou
1039 1347 1257 1393 Manuel
1273 1348 1328 1393 de
1354 1346 1704 1409 Paleograplzie
1727 1363 1808 1409 pp.
1841 1349 1916 1408 76,

244 1434 322 1491 80,
359 1449 437 1494 93,
478 1434 549 1481 H.
588 1434 805 1481 Schenkl
842 1450 902 1480 zu
943 1435 1172 1483 Grattius
1207 1436 1313 1482 und
1342 1436 1551 1482 anderen
1587 1436 1918 1483 Lateinisclzen

243 1521 482 1568 Diclztern
515 1537 561 1584 p.
595 1520 729 1586 415).
805 1520 972 1570 Huius
1002 1522 1255 1585 specimen
1280 1522 1726 1572 luculentissimum
1763 1522 1919 1572 edidit

244 1611 375 1657 Prou
417 1609 514 1658 tab.
556 1609 617 1670 iv,
658 1626 704 1672 p.
748 1624 822 1673 79.
898 1609 1036 1658 Hinc
1075 1610 1273 1659 uidetur
1308 1611 1656 1674 explicandum
1693 1611 1745 1660 id
1781 1613 1919 1675 quod

245 1697 606 1746 Amerbachius
631 1697 770 1747 dedit
793 1697 840 1746 ii.
873 1716 913 1747 2.
949 1716 969 1746 1
992 1700 1269 1761 graacclzus,
1297 1715 1411 1747 cum
1437 1699 1570 1762 prius
1589 1701 1820 1763 gracchus
1843 1717 1920 1748 ex-

244 1794 427 1834 arasset
459 1786 548 1834 sed
580 1785 846 1834 deleuisset
877 1785 1092 1834 incertus
1126 1785 1405 1849 scripturae.
1480 1788 1670 1835 Rursus
1704 1786 1804 1835 sic1
1829 1803 1919 1849 pro

244 1875 322 1922 hic
349 1891 380 1921 a
413 1880 519 1936 toga
557 1875 701 1922 uirili
730 1876 955 1922 adsuetus
984 1876 1256 1923 commilitio
1283 1876 1469 1923 facturn
1499 1884 1572 1924 est
1603 1874 1655 1923 in
1680 1877 1768 1923 ΑΡ
1803 1876 1922 1923 hicce

245 1968 352 2025 toga
388 1960 515 2027 (coga
540 1961 610 2027 A)
644 1980 690 2011 u.
730 1980 774 2011 a.
812 1980 846 2010 c.
940 1965 1005 2011 Et
1039 1964 1138 2012 hoc
1174 1963 1377 2026 quidem
1414 1965 1526 2012 loco
1562 1963 1668 2027 ipse
1706 1967 1919 2013 Burerus

244 2059 449 2099 testatus
475 2060 548 2099 est
572 2052 648 2099 lzic
670 2069 700 2099 a
726 2058 832 2114 toga
858 2068 911 2100 se
934 2051 986 2100 in
1014 2052 1334 2101 Murbacensi
1357 2051 1544 2115 legisse.

314 2139 565 2189 Confusae
599 2149 713 2188 sunt
743 2157 778 2199 c,
809 2157 832 2188 e
866 2139 912 2188 ii.
956 2154 997 2202 7.
1039 2158 1067 2203 3
1100 2140 1188 2189 ubi
1216 2158 1331 2188 sane
1356 2147 1457 2188 tum
1482 2141 1843 2190 Amerbachius
1869 2141 1919 2190 in

243 2234 460 2276 sanctum
485 2228 692 2277 correxit
709 2246 723 2289 3
758 2245 922 2277 rursus
949 2246 994 2288 u,
1025 2245 1053 2276 o
1084 2228 1130 2277 ii.
1169 2247 1240 2291 19.
1281 2247 1300 2276 1
1338 2236 1579 2277 contractu
1604 2232 1664 2289 A,
1699 2246 1789 2292 pro
1820 2247 1921 2278 con-

246 2323 426 2378 tracto,
461 2316 507 2365 ii.
537 2331 597 2380 45
626 2318 708 2365 fin.
737 2316 885 2379 effusa
910 2320 970 2376 A,
998 2317 1217 2366 Velleius
1242 2318 1422 2380 effusa;
1458 2335 1517 2378 m,
1546 2319 1612 2377 in,
1640 2319 1698 2366 ni
1725 2318 1753 2366 i.
1788 2336 1859 2378 14.
1894 2334 1917 2380 7

232 2407 470 2467 paestuni
502 2422 738 2468 suprascr.
766 2412 991 2468 paestum
1021 2408 1080 2465 A,
1107 2405 1136 2453 i.
1171 2423 1214 2468 9.
1242 2423 1278 2453 .2
1306 2407 1548 2469 primores
1579 2409 1638 2466 A,
1666 2409 1922 2468 proniores

246 2493 465 2542 Velleius
483 2512 497 2554 3
543 2511 634 2553 rm,
679 2511 746 2541 nn
787 2493 815 2541 i.
864 2507 936 2556 15.
982 2512 1002 2541 1
1044 2493 1130 2542 ubi
1166 2495 1320 2542 armis
1353 2493 1486 2557 prius
1523 2494 1715 2557 scripsit
1750 2497 1920 2544 Amer-

245 2581 466 2641 bachius,
494 2599 611 2630 mox
635 2583 799 2630 deleto
825 2598 885 2630 eo
910 2583 1066 2629 annis.
1722 2648 1724 2650 ι

317 2687 362 2730 n,
405 2671 457 2718 ri
492 2670 538 2719 ii.
585 2685 662 2733 45.
708 2687 736 2733 3
777 2671 974 2718 interita
1013 2672 1073 2730 A,
1115 2672 1302 2718 intenta
1331 2670 1551 2719 Velleius
1570 2690 1583 2731 ;
1625 2689 1671 2731 n,
1708 2673 1751 2719 ti
1778 2686 1852 2735 75.
1890 2691 1914 2720 2

245 2761 499 2821 expectatis
513 2775 748 2822 suprascr.
768 2765 1015 2821 expectans
1030 2760 1089 2818 A,
1108 2760 1384 2822 exspectatis
1397 2759 1616 2808 Velleius
1634 2777 1648 2820 ,-
1677 2777 1723 2820 n,
1741 2778 1772 2807 r
1790 2763 1865 2823 96.
1888 2779 1916 2823 3

246 2848 612 2895 Pannoriorum
672 2863 909 2910 suprascr.
970 2849 1363 2896 Pannonicorum
1422 2850 1483 2907 A,
1543 2849 1915 2896 Pannoniorum

249 2935 500 2996 Velleius,
540 2938 585 2995 d,
625 2937 653 2982 b
686 2934 733 2983 ii.
777 2953 801 2983 2
840 2937 922 2983 fin.
961 2937 1223 2998 adrogauit
1254 2938 1301 2983 A
1332 2943 1381 2983 et
1410 2937 1638 2996 Burerus,
1665 2938 1922 2999 abrogauit

577 3063 590 3086 ¹
622 3050 729 3103 Nam
750 3078 804 3103 ex
824 3065 887 3102 hic
903 3078 929 3103 a
948 3070 1043 3116 toga
1063 3064 1220 3104 factum
1240 3069 1306 3103 est
1323 3065 1387 3103 hic
1402 3077 1440 3103 ce
1459 3068 1563 3115 toga.

1053 3152 1112 3177 xx
