2014 3392
713 199 972 248 VELLEI
1011 199 1412 248 PATERCVLI

234 340 533 399 succederet,
552 338 693 398 illius,
715 347 770 387 ut
793 337 957 401 potius
976 339 1232 400 aequalem
1253 336 1414 386 ciuem
1434 354 1583 400 quam
1600 337 1899 386 eminentem

234 420 399 469 liceret
423 437 565 483 agere
583 419 868 483 principem.
941 420 1143 467 tandem
1159 418 1312 480 magis
1332 419 1519 467 ratione
1544 435 1693 481 quam
1713 420 1902 467 honore

234 501 400 568 uictus
414 511 500 561 est,
519 518 633 550 curn
653 499 897 564 quidquid
916 501 1157 548 tuendum
1182 517 1284 548 non
1303 499 1611 562 suscepisset,
1632 498 1901 562 periturum

234 568 424 631 uideret
442 601 455 643 3
491 582 681 645 solique
706 581 822 630 huic
846 580 1051 644 contigit
1075 597 1233 643 paene
1266 580 1449 629 diutius
1480 597 1703 629 recusare
1727 579 1902 643 princi-

235 673 419 725 patum,
448 679 611 725 quam,
650 672 704 710 ut
741 671 1040 724 occuparent
1078 678 1207 721 eum,
1244 660 1326 709 alii
1363 660 1508 709 armis
1547 670 1898 724 pugnauerant.
1925 681 1946 719 5

191 767 213 804 3
236 752 348 806 post
406 743 654 792 redditum
724 745 862 791 caelo
920 751 1108 805 patrem
1168 752 1216 790 et
1274 759 1451 805 corpus
1510 741 1614 791 eius
1672 741 1901 790 humanis

236 823 521 884 honoribus,
549 841 736 872 numen
774 822 955 872 diuinis
984 825 1294 882 honoratum,
1322 822 1534 886 primum
1559 822 1902 886 principalium

236 904 340 953 eius
388 921 593 967 operum
632 903 723 952 fuit
760 903 1005 952 ordinatio
1052 903 1379 963 comitiorum,
1420 920 1569 966 quam
1617 921 1767 952 manu
1815 921 1904 953 sua

187 1009 213 1046 4
236 985 467 1048 scriptam
515 985 660 1034 diuus
707 987 959 1047 Augustus
1006 984 1278 1047 reliquerat.
1365 1002 1465 1048 quo
1512 995 1734 1048 tempore
1781 985 1902 1034 mihi

234 1065 466 1128 fratrique
490 1083 618 1125 meo,
646 1064 921 1114 candidatis
947 1064 1184 1125 Caesaris,
1206 1065 1426 1128 proxime
1450 1082 1479 1113 a
1503 1065 1819 1115 nobilissimis
1844 1084 1902 1116 ac
1928 1082 1977 1109 10

235 1146 620 1195 sacerdotalibus
643 1146 760 1195 uiris
785 1146 1018 1196 destinari
1042 1146 1346 1209 praetoribus
1380 1146 1597 1209 contigit,
1625 1148 1902 1197 consecutis

235 1226 439 1289 quidem
463 1237 517 1276 ut
542 1244 705 1290 neque
729 1237 841 1291 post
866 1245 957 1276 nos
982 1244 1284 1290 quemquam
1305 1227 1449 1276 diuus
1468 1230 1720 1291 Augustus
1739 1246 1902 1292 neque

235 1318 350 1356 ante
375 1326 466 1357 nos
493 1310 674 1359 Caesar
699 1311 1071 1358 commendaret
1096 1309 1337 1358 Tiberius.

125 1401 213 1449 125
303 1389 439 1438 Tulit
471 1390 694 1452 protinus
733 1399 781 1438 et
817 1389 922 1439 uoti
954 1399 1003 1438 et
1036 1389 1209 1439 consili
1242 1389 1316 1438 sui
1340 1389 1550 1453 pretium
1576 1407 1651 1458 res
1687 1391 1899 1454 publica,
2011 1449 2014 1459 Ι

237 1488 399 1534 neque
425 1471 509 1520 diu
535 1471 675 1520 latuit
698 1481 782 1520 aut
807 1471 928 1535 quid
953 1489 1055 1520 non
1081 1471 1391 1534 impetrando
1420 1471 1608 1534 passuri
1640 1472 1901 1522 fuissemus
1931 1490 1978 1530 15
2011 1474 2014 1503 ²

236 1563 320 1601 aut
345 1553 466 1616 quid
502 1553 813 1616 impetrando
846 1553 1237 1616 profecissemus.
1316 1552 1500 1616 quippe
1529 1553 1782 1614 exercitus,
1817 1553 1903 1617 qui

236 1633 286 1682 in
336 1634 602 1683 Germania
650 1634 891 1682 militabat
936 1633 1304 1697 praesentisque
1358 1633 1639 1682 Germanici
1697 1633 1903 1697 imperio

238 1716 507 1778 regebatur,
550 1714 794 1777 simulque
834 1714 1066 1777 legiones,
1094 1731 1221 1776 quae
1254 1713 1303 1761 in
1343 1713 1538 1776 Illyrico
1577 1724 1727 1774 erant,
1769 1715 1903 1764 rabie

237 1798 452 1859 quadam
489 1806 537 1845 et
573 1797 818 1859 profunda
850 1795 1191 1844 confundendi
1223 1794 1391 1844 omnia
1422 1794 1689 1858 cupiditate
1714 1812 1903 1844 nouum

236 1880 431 1937 ducem,
469 1895 658 1927 nouum
701 1887 896 1937 statum,
934 1894 1118 1926 nouam
1151 1877 1452 1940 quaerebant
1490 1894 1592 1925 rem
1630 1877 1880 1940 publicam
1891 1897 1904 1939 ,-
1931 1895 1980 1923 20

191 1985 210 2012 2
237 1958 357 2022 quin
377 1959 524 2007 etiam
550 1959 655 2007 ausi
681 1969 794 2007 sunt
820 1958 994 2007 minari
1019 1960 1219 2007 daturos
1239 1957 1444 2018 senatui,
1470 1960 1669 2007 daturos
1694 1958 1903 2022 principi
2012 1955 2014 1960 ’

235 2042 366 2103 leges
384 2058 398 2100 3
434 2041 641 2088 modum
679 2038 907 2102 stipendi,
947 2040 1098 2087 finem
1129 2037 1330 2087 militiae
1361 2037 1454 2087 sibi
1486 2038 1580 2102 ipsi
1605 2039 1903 2089 constituere

235 2120 399 2169 conati
438 2130 580 2169 sunt:
617 2137 903 2183 processum
942 2119 1089 2168 etiam
1122 2119 1173 2167 in
1205 2136 1341 2167 arma
1375 2121 1655 2182 ferrumque
1681 2120 1902 2169 strictum

236 2211 309 2250 est
334 2211 381 2250 et
406 2218 564 2264 paene
588 2200 639 2248 in
663 2200 836 2248 ultima
859 2199 1133 2263 gladiorum
1159 2199 1317 2263 erupit
1341 2199 1603 2263 inpunitas,
1632 2201 1900 2265 defuitque,

193 2303 214 2340 3
237 2282 322 2345 qui
348 2291 518 2331 contra
543 2299 645 2330 rem
670 2281 921 2345 publicam
946 2283 1161 2341 duceret,
1190 2298 1292 2330 non
1317 2280 1401 2344 qui
1427 2291 1758 2344 sequerentur.
1813 2285 1902 2332 sed
1931 2302 1949 2328 2
1957 2302 1978 2340 5

237 2365 359 2412 haec
401 2363 570 2412 omnia
600 2362 779 2411 ueteris
813 2362 1117 2425 imperatoris
1143 2361 1409 2421 maturitas,
1438 2364 1593 2410 multa
1616 2362 1899 2424 inhibentis,

235 2444 399 2507 aliqua
417 2461 531 2492 cum
547 2444 783 2508 grauitate
808 2443 1099 2507 pollicentis,
1122 2451 1223 2491 tum
1249 2443 1374 2492 inter
1398 2461 1620 2492 seueram
1639 2445 1902 2509 praecipue

291 2586 316 2610 2
347 2586 400 2612 m.
421 2573 586 2612 ratione
607 2572 689 2611 ΒΑ
710 2587 720 2612 t
750 2572 916 2611 ratione
948 2585 1001 2610 m.
1025 2572 1068 2610 P
1201 2586 1226 2622 3
1254 2571 1455 2622 quicquid
1474 2572 1564 2610 ΑΡ
1669 2587 1694 2622 4
1724 2588 1834 2624 pene
1857 2576 1899 2613 A

236 2629 262 2664 6
292 2627 472 2666 reditum
491 2627 534 2665 A
671 2640 693 2676 7
724 2640 880 2665 numen
900 2627 1089 2666 Krause:
1128 2640 1285 2665 nornen
1305 2626 1400 2677 ΑΡ,
1425 2628 1537 2677 quod
1552 2627 1722 2675 dqsendz't
1740 2628 1901 2668 Milkau

236 2695 285 2720 ex
303 2694 368 2731 54.
394 2695 419 2719 2
520 2679 522 2681 ’
552 2694 601 2720 10
631 2682 880 2720 candidatos
900 2681 990 2718 ΑΡ
1122 2694 1166 2719 11
1199 2681 1492 2720 sacerdotibus
1512 2682 1612 2732 ΑΡ,
1633 2696 1709 2723 em.
1728 2682 1908 2735 Scheffer

237 2749 270 2775 c.
293 2736 464 2786 quidem
484 2737 646 2786 scripsi:
668 2736 994 2785 consecutisque
1013 2736 1055 2773 A
1074 2750 1082 2774 ι
1114 2737 1352 2775 consecutis
1372 2735 1414 2773 P
1542 2749 1590 2774 12
1620 2743 1717 2787 post
1739 2751 1818 2776 nos
1838 2739 1900 2778 P:

236 2796 334 2840 post
360 2803 496 2829 annos
519 2791 561 2828 A
732 2803 780 2839 14
811 2796 853 2829 et
876 2791 964 2828 uoti
995 2790 1207 2830 Gelenius:
1248 2797 1294 2830 ut
1323 2791 1413 2829 uoti
1442 2789 1531 2828 ΑΡ
1634 2792 1828 2841 praetium
1857 2793 1900 2831 A

243 2846 293 2882 16
321 2846 468 2894 profic.
484 2845 526 2882 A
642 2847 691 2883 18
721 2846 878 2884 rabiem
900 2846 1110 2894 quandam
1126 2846 1168 2883 A
1377 2858 1426 2895 19
1456 2845 1595 2883 omnia
1615 2850 1708 2884 ante
1727 2848 1901 2886 consun-

239 2900 366 2937 dendi
387 2900 559 2938 deletum
579 2904 638 2937 est
654 2900 696 2937 in
716 2900 758 2937 A
899 2913 952 2938 20
982 2912 1101 2949 quer.
1122 2900 1164 2937 A
1310 2912 1362 2937 22
1391 2899 1594 2948 stipendii
1613 2900 1703 2938 ΑΡ
1849 2915 1901 2951 24

237 2953 381 2992 ultima
403 2953 528 2992 Voss:
549 2954 737 2992 ultimam
759 2953 869 2994 AB:
892 2954 1082 2992 ultimum
1100 2953 1143 2991 P
1303 2966 1354 3003 27
1386 2959 1472 2992 tum
1488 2954 1647 2995 addidi:
1679 2962 1721 2994 et
1741 2955 1905 2996 Krause

236 3020 441 3048 saeueram
470 3008 512 3046 A

1033 3113 1109 3163 136
