2014 3392
695 194 953 243 VELLEI
991 194 1390 244 PATERCVLI

215 331 347 381 Setia
378 348 662 396 nouemque
697 332 963 382 interiectis
999 332 1141 382 annis
1178 335 1336 396 Nepe,
1364 331 1547 382 deinde
1578 331 1877 395 interpositis

167 437 189 474 3
214 414 411 462 duobus
437 423 485 463 et
509 414 704 478 triginta
734 414 923 464 Aricini
947 419 1033 467 †et
1057 414 1108 462 in
1141 414 1391 463 ciuitatem
1426 413 1623 476 recepti.
1696 413 1879 462 abhinc

213 511 371 544 annos
389 505 555 544 autem
574 502 600 548 †
616 510 744 545 CCCL
763 498 843 559 Sp.
865 495 1122 545 Postumio
1138 494 1344 544 Veturio
1362 494 1574 545 Caluino
1591 495 1877 543 consulibus

215 576 483 640 Campanis
509 579 624 626 data
648 586 721 626 est
745 576 917 626 ciuitas
942 576 1166 640 partique
1182 575 1477 625 Samnitium
1503 575 1608 624 sine
1634 576 1875 638 suffragio,

213 667 261 707 et
297 661 476 708 eodem
517 676 650 708 anno
690 660 835 709 Cales
871 660 1087 707 deducta
1122 658 1330 707 colonia.
1402 657 1659 707 interiecto
1696 658 1878 715 deinde

213 739 424 789 triennio
451 740 679 789 Fundani
712 749 760 789 et
793 739 1043 789 Formiani
1074 739 1126 788 in
1162 739 1412 788 ciuitatem
1447 739 1645 802 recepti,
1673 757 1733 788 eo
1769 739 1877 803 ipso

1904 673 2011 716 5<¹

163 846 188 882 4
211 838 359 882 anno,
391 838 492 884 quo
525 820 824 870 Alexandria
856 820 1058 870 condita
1093 829 1179 869 est.
1252 820 1728 884 insequentibusque
1765 838 1879 870 con·
1910 831 1917 837 “

212 903 400 952 sulibus
436 920 466 951 a
501 905 582 966 Sp.
611 902 870 952 Postumio
912 901 1122 950 Philone
1158 901 1373 951 Publilio
1409 902 1696 951 censoribus
1732 905 1878 951 Acer-

210 984 340 1033 ranis
365 986 481 1033 data
511 983 697 1033 ciuitas.
771 993 820 1032 et
859 992 972 1046 post
1010 982 1275 1032 triennium
1310 982 1627 1031 Tarracinam
1663 985 1879 1032 deducta

211 1055 408 1119 colonia
430 1064 821 1128 interpositoque
845 1063 1172 1127 quadriennio
1197 1063 1405 1113 Luceria
1438 1081 1497 1113 ac
1529 1064 1711 1114 deinde
1735 1064 1879 1114 inter—

210 1146 340 1195 iecto
359 1146 570 1195 triennio
590 1148 770 1195 Suessa
788 1148 1023 1194 Aurunca
1041 1154 1090 1194 et
1109 1145 1337 1206 Saticula,
1361 1148 1745 1209 Interamnaque
1763 1156 1876 1209 post

164 1253 185 1290 5
210 1227 480 1276 biennium.
554 1229 730 1277 decem
772 1227 955 1277 deinde
994 1228 1093 1276 hoc
1139 1243 1344 1276 munere
1389 1226 1507 1275 anni
1544 1237 1875 1276 uacauerunt:

209 1319 328 1358 tunc
364 1312 486 1359 Sora
519 1318 668 1372 atque
704 1309 836 1358 Alba
872 1310 1117 1358 deductae
1155 1307 1380 1357 coloniae
1418 1317 1467 1356 et
1509 1308 1729 1358 Carseoli
1763 1318 1876 1371 post

161 1403 185 1442 6
210 1391 480 1440 biennium.
542 1400 591 1440 at
616 1390 845 1454 quintum
872 1389 1028 1439 Fabio
1055 1389 1260 1452 Quinto,
1290 1388 1449 1438 Decio
1477 1392 1622 1438 Mure
1647 1398 1875 1453 quartum

209 1472 511 1532 consulibus,
552 1489 653 1535 quo
689 1489 822 1521 anno
865 1473 1077 1535 Pyrrhus
1123 1487 1326 1534 regnare
1367 1470 1545 1534 coepit,
1591 1471 1873 1521 Sinuessam

210 1554 592 1617 Minturnasque
627 1553 765 1603 missi
800 1552 979 1613 coloni,
1006 1562 1119 1616 post
1155 1552 1536 1616 quadriennium
1571 1553 1876 1613 Venusiam3

209 1638 565 1701 interiectoque
600 1637 804 1686 biennio
847 1639 931 1686 M'.
978 1635 1130 1686 Curio
1172 1644 1220 1684 et
1259 1636 1446 1684 Rufino
1486 1635 1719 1685 Cornelio
1761 1652 1876 1684 con-

209 1719 397 1769 sulibus
430 1718 625 1768 Sabinis
662 1718 767 1767 sine
804 1717 1032 1781 suffragio
1068 1719 1184 1767 data
1219 1716 1420 1766 ciuitas:
1470 1715 1523 1765 id
1557 1725 1723 1765 actum
1759 1726 1874 1765 ante

166 1818 366 1862 7annos
413 1802 566 1849 ferme
612 1814 796 1848 cccxx.
869 1808 919 1848 at
961 1800 1095 1849 Cosa
1130 1807 1179 1847 et
1221 1800 1453 1847 Paestum
1490 1797 1674 1846 abhinc
1714 1814 1872 1846 annos

207 1884 360 1931 ferme
396 1890 642 1931 trecentos
677 1880 832 1930 Fabio
866 1883 1096 1930 Dorsone
1129 1889 1177 1929 et
1210 1879 1422 1930 Claudio
1448 1879 1641 1929 Canina
1665 1879 1874 1928 consuli-

208 1965 314 2012 bus.
387 1962 643 2012 interiecto
682 1961 1025 2025 quinquennio
1067 1960 1361 2024 Sempronio
1404 1962 1574 2023 Sopho
1616 1969 1665 2009 et
1706 1961 1872 2024 Appio

208 2044 359 2095 Caeci
405 2044 507 2093 filio
563 2043 849 2093 consulibus
896 2042 1177 2092 Ariminum
1223 2049 1271 2090 et
1314 2044 1660 2091 Beneuentum
1707 2042 1873 2091 coloni

160 2143 183 2180 8
206 2125 344 2175 missi
369 2134 417 2174 et
441 2125 637 2188 suffragi
660 2124 851 2174 ferendi
879 2124 954 2173 ius
988 2123 1183 2173 Sabinis
1217 2125 1402 2173 datum.
1475 2132 1525 2172 at
1553 2122 1694 2172 initio
1727 2122 1872 2186 primi

206 2206 323 2257 belli
348 2206 524 2255 Punici
556 2206 777 2255 Firmum
809 2215 857 2255 et
891 2207 1119 2256 Castrum
1158 2204 1349 2254 colonis
1387 2213 1641 2268 occupata,
1677 2212 1725 2253 et
1759 2214 1872 2267 post

325 2335 440 2369 setina

265 2391 284 2418 1
313 2380 454 2419 §Sei-na
469 2392 498 2418 a
517 2390 756 2428 nouemque
778 2377 869 2428 (sic)
890 2378 933 2416 A
955 2391 965 2417 ε
994 2377 1144 2418 Setina
1163 2377 1228 2416 P:
1260 2376 1381 2417 Setia
1400 2375 1541 2415 Aldus
1730 2389 1755 2414 2
1774 2375 1870 2414 Ari-

209 2434 293 2473 cini
313 2439 356 2472 et
370 2433 412 2472 A
468 2433 572 2483 sort.
593 2432 784 2472 Aricinei
803 2446 812 2471 ε
842 2433 1026 2472 excidisse
1044 2432 1247 2471 nonnulla
1262 2432 1437 2471 censebat
1454 2430 1639 2470 Orelliex
1652 2430 1745 2470 Liu.
1763 2431 1799 2470 8.
1822 2443 1871 2480 14

206 2488 369 2527 Aricini
401 2487 746 2538 Nomentanique
775 2492 818 2526 et
847 2487 1009 2526 Pedani
1039 2487 1190 2525 eodem
1219 2486 1312 2525 iure
1337 2499 1423 2536 quo
1452 2485 1667 2524 Lanuuini
1695 2485 1739 2524 in
1770 2485 1869 2524 ciui-

207 2548 338 2582 tatem
357 2543 517 2592 recepti
695 2555 721 2592 3
750 2554 852 2580 CCCL
871 2542 982 2580 AP:
1011 2554 1144 2580 CCCLx
1164 2541 1349 2580 Laurent
1528 2551 1554 2589 5
1583 2540 1805 2578 interiecta
1825 2540 1868 2578 A

207 2599 233 2635 8
260 2597 364 2647 Asp.
390 2596 606 2636 Postumio
622 2595 664 2633 A
686 2611 697 2636 ι
726 2596 905 2635 Publilio
923 2596 1090 2635 Duker:
1121 2595 1268 2634 Publio
1282 2594 1372 2634 ΑΡ
1475 2607 1503 2644 9
1529 2594 1759 2633 Tarracina
1772 2594 1868 2646 1,ιῷ-

204 2694 293 2732 sius
430 2706 479 2732 12
504 2651 645 2733 digesti-:fg
655 2688 760 2732 ὀεᾟ
777 2693 820 2732 A
846 2691 932 2745 (sic)
1069 2704 1118 2742 13
1138 2696 1227 2730 tum
1246 2689 1410 2740 Noua'k,
1430 2690 1469 2730 h.
1491 2703 1521 2731 e.
1536 2694 1634 2742 post
1650 2689 1697 2729 id
1710 2694 1869 2741 tempus

209 2775 258 2811 14
282 2762 336 2801 ad
361 2762 550 2812 quintum
581 2760 794 2811 Fabioque
822 2762 956 2800 Decio
984 2760 1107 2799 Mure
1125 2765 1285 2810 quarto
1310 2752 1420 2798 ὧῖε
1447 2761 1564 2807 (coss
1591 2758 1689 2811 PB)
1715 2758 1868 2797 APB:

205 2815 467 2855 Perizonium
480 2829 628 2866 sequor
696 2822 740 2855 at
753 2816 806 2865 Q.
823 2815 953 2854 Fabio
968 2816 1176 2866 quintum,
1191 2815 1325 2852 Decio
1340 2815 1461 2853 Mure
1473 2819 1671 2864 quartum
1687 2812 1867 2852 consuli-

205 2870 284 2909 bus
303 2870 431 2910 Orelli
445 2875 482 2910 et
498 2871 620 2910 Kritz
710 2882 759 2921 15
789 2870 949 2920 Pyrrus
977 2870 1019 2909 A
1043 2869 1182 2919 coepit
1200 2869 1244 2906 in
1265 2869 1467 2908 Suessam
1495 2869 1537 2907 A
1627 2880 1674 2916 17
1706 2866 1762 2906 M.
1783 2867 1872 2905 ΑΡ

206 2938 373 2978 Rusino
401 2939 492 2978 ΑΡ
653 2952 702 2990 19
731 2951 866 2978 cccxx
893 2938 1008 2978 BA:
1036 2951 1202 2978 cccxxx
1228 2937 1272 2976 P
1375 2937 1488 2976 Cosa
1516 2935 1599 2974 BA
1620 2949 1630 2974 τ
1673 2934 1806 2973 Cossa
1828 2935 1871 2974 P

225 2999 376 3033 paestum
1557 2988 1627 3039 ‘ius
1643 2987 1783 3021 Sabinis

205 3035 389 3085 paestuni
408 3035 450 3074 A
593 3047 644 3074 22
675 3040 718 3074 et
737 3034 831 3076 add.
851 3034 946 3075 Iam
1070 3047 1122 3085 23
1150 3033 1342 3084 suffragii
1360 3031 1451 3071 ΑΡ
1552 3029 1803 3070 *ussa-binis
1821 3031 1862 3070 A

1011 3124 1061 3164 14

1905 1066 2009 1117 rof

1900 1895 1950 1923 20
