2014 3392
686 215 939 263 VELLEI
978 216 1377 266 PATERCVLI

150 370 175 407 4
200 354 386 403 bellum
403 354 688 418 Carthagini
711 355 810 404 iam
834 364 949 405 ante
973 355 1231 406 biennium
1255 374 1286 406 a
1308 357 1551 421 prioribus
1577 359 1863 408 consulibus

199 435 405 484 inlatum
454 436 639 486 maiore
680 437 732 486 ui
771 437 937 486 intulit
979 438 1115 503 (cum
1157 448 1272 488 ante
1312 439 1364 488 in
1404 439 1652 503 Hispania
1691 441 1866 488 murali

199 533 399 577 corona,
441 517 493 566 in
531 518 699 568 Africa
739 519 1038 569 obsidionali
1085 522 1299 570 donatus
1341 530 1484 582 esset,
1524 521 1576 569 in
1620 521 1867 584 Hispania

199 615 319 647 uero
355 598 503 648 etiam
533 617 593 648 ex
626 600 996 663 prouocatione,
1023 601 1130 664 ipse
1165 602 1393 652 modicus
1428 602 1622 663 uirium,
1653 602 1865 651 inmanis

151 692 172 732 5
200 680 553 743 magnitudinis
600 683 797 731 hostem
843 681 1190 748 interemisset)
1233 700 1444 747 eamque
1490 684 1665 732 urbem
1712 685 1866 747 magis

199 760 389 810 inuidia
428 761 604 825 imperi
642 779 793 825 quam
834 763 981 813 ullius
1023 763 1128 813 eius
1164 764 1400 828 temporis
1438 765 1614 814 noxiae
1654 764 1866 814 inuisam

201 844 434 891 Romano
480 843 673 892 nomini
718 843 940 893 funditus
991 845 1186 894 sustulit
1233 845 1447 909 fecitque
1506 863 1623 895 suae
1675 846 1866 895 uirtutis

200 923 579 984 monimentum,
618 926 756 987 quod
791 927 947 974 fuerat
982 925 1064 974 aui
1100 926 1204 975 eius
1241 927 1545 976 clementiae.
1620 929 1867 990 Carthago

199 1003 361 1053 diruta
407 1014 494 1064 est,
545 1022 661 1054 cum
708 1006 921 1056 stetisset
974 1007 1118 1056 annis
1164 1011 1418 1069 †DCLXVI,
1467 1009 1652 1058 abhinc
1708 1026 1866 1057 annos

151 1087 176 1126 6
201 1089 459 1136 †CLxxvn
504 1087 596 1136 Cn.
637 1087 872 1137 Cornelio
914 1090 1128 1137 Lentulo
1167 1091 1221 1137 L.
1266 1089 1516 1139 Mummio
1563 1089 1863 1139 consulibus.

199 1168 333 1215 hunc
369 1168 520 1216 finem
557 1167 730 1217 habuit
767 1169 985 1218 Romani
1019 1169 1196 1233 imperi
1226 1171 1473 1234 Carthago
1509 1174 1717 1231 aemula,
1752 1188 1867 1220 cum

200 1264 298 1310 qua
322 1248 504 1297 bellare
540 1249 750 1298 maiores
786 1250 941 1299 nostri
973 1267 1182 1314 coepere
1207 1252 1420 1302 Claudio
1457 1262 1505 1301 et
1541 1253 1719 1302 Fuluio
1755 1269 1870 1301 con-

200 1329 388 1378 sulibus
407 1339 522 1379 ante
540 1347 699 1380 annos
724 1336 753 1383 †
768 1346 971 1392 CCXCVI,
993 1349 1144 1395 quam
1168 1342 1236 1393 tu,
1265 1336 1336 1382 M.
1355 1333 1534 1394 Vinici,
1556 1335 1866 1383 consulatum

200 1409 360 1459 inires.
435 1410 504 1460 ita
537 1428 626 1474 per
660 1429 819 1462 annos
844 1418 874 1464 †
894 1428 997 1462 cxv
1032 1423 1118 1462 aut
1150 1415 1337 1463 bellum
1373 1414 1499 1464 inter
1534 1432 1620 1464 eos
1655 1417 1867 1479 populos

155 1501 283 1545 7aut
307 1491 425 1540 belli
460 1494 766 1556 praeparatio
801 1504 886 1544 aut
921 1495 1076 1544 infida
1109 1512 1204 1559 pax
1239 1496 1343 1545 fuit.
1416 1513 1580 1560 neque
1616 1514 1668 1546 se
1706 1499 1869 1546 Roma
1922 1546 1935 1557 ι

199 1573 298 1622 iam
335 1583 570 1624 terrarum
596 1576 704 1625 orbi
737 1586 967 1640 superato
997 1594 1220 1627 securam
1258 1578 1472 1642 sperauit
1496 1581 1614 1638 fore,
1642 1578 1683 1628 si
1716 1578 1870 1627 moni-

200 1664 424 1704 mentum
460 1673 671 1720 usquam
708 1658 880 1708 stantis
916 1668 1137 1708 maneret
1169 1659 1507 1723 Carthaginis:
1543 1662 1672 1709 adeo
1697 1660 1867 1709 odium

201 1736 551 1787 certaminibus
571 1748 733 1787 ortum
758 1741 885 1788 ultra
902 1749 1091 1789 metum
1111 1742 1254 1790 durat
1272 1750 1321 1790 et
1345 1758 1409 1790 ne
1427 1741 1478 1790 in
1497 1741 1640 1791 uictis
1666 1741 1869 1804 quidem

201 1817 467 1881 deponitur
491 1836 655 1883 neque
679 1830 795 1870 ante
818 1821 1035 1870 inuisum
1061 1839 1169 1872 esse
1193 1822 1374 1874 desinit
1399 1839 1549 1886 quam
1575 1840 1683 1872 esse
1708 1823 1866 1872 desiit.

124 1905 179 1954 13
271 1902 404 1949 Ante
439 1900 706 1950 triennium
743 1919 893 1966 quam
924 1904 1173 1967 Carthago
1202 1906 1459 1965 deleretur,
1497 1907 1567 1953 M.
1598 1906 1738 1964 Cato,
1765 1920 1868 1967 per-

200 1989 380 2044 petuus
422 1982 694 2033 diruendae
741 1984 846 2034 eius
892 1994 1078 2046 auctor,
1124 1988 1178 2035 L.
1212 1986 1490 2036 Censorino
1534 1989 1618 2035 M'.
1660 1986 1869 2035 Manilio

201 2063 489 2113 consulibus
514 2074 725 2114 mortem
750 2066 886 2116 obiit.
959 2069 1139 2116 eodem
1175 2085 1322 2128 anno,
1350 2085 1451 2131 quo
1485 2070 1733 2131 Carthago
1757 2085 1871 2117 con-

200 2144 333 2205 cidit,
356 2148 451 2196 †A.
477 2147 755 2197 Mummius
781 2148 1079 2199 Corinthum
1104 2159 1218 2212 post
1249 2167 1409 2199 annos
1436 2165 1691 2210 Dccccm1,
1719 2167 1868 2213 quam

157 2239 175 2265 2
200 2226 265 2274 ab
301 2228 446 2276 Alete
480 2227 719 2291 Hippotis
751 2229 854 2279 filio
887 2239 989 2279 erat
1019 2230 1235 2291 condita,
1274 2231 1497 2281 funditus
1534 2231 1671 2280 eruit.
1746 2241 1870 2280 uter—

203 2325 301 2371 que
324 2307 591 2372 imperator
614 2310 841 2361 deuictae
872 2328 902 2359 a
937 2327 990 2360 se
1013 2311 1173 2375 gentis
1202 2313 1406 2362 nomine
1436 2315 1721 2373 honoratus,
1749 2315 1870 2361 alter
1924 2364 1932 2374 ‚

202 2389 477 2450 Africanus,
503 2393 625 2440 alter
658 2394 932 2456 appellatus
966 2402 1040 2442 est
1065 2394 1315 2444 Achaicus
1336 2413 1351 2455 3
1391 2411 1484 2444 nec
1518 2394 1781 2457 quisquam
1812 2412 1870 2443 ex

259 2532 277 2558 1
311 2520 347 2558 is
367 2519 525 2559 bellum
544 2519 753 2560 Ruhnken
891 2535 917 2571 4
943 2522 1097 2562 imanis
1116 2522 1158 2561 A
1181 2537 1190 2562 ε
1220 2523 1330 2564 imm.
1351 2523 1395 2562 P
1524 2525 1551 2563 6
1578 2529 1616 2563 et
1637 2536 1680 2563 11
1704 2524 1870 2575 imperii

202 2573 291 2612 AP
469 2575 495 2613 8
524 2575 694 2614 monim.
714 2575 830 2614 AB:
860 2589 1046 2617 monum.
1066 2577 1109 2616 P
1278 2592 1305 2629 9
1333 2579 1546 2618 DCvarA
1568 2593 1578 2618 z
1608 2592 1783 2618 DCvan
1805 2579 1870 2618 P:

203 2641 379 2667 Dchxn
400 2629 502 2668 Iani
633 2643 684 2670 10
711 2643 886 2669 CLxxvn
907 2631 975 2670 B:
1005 2644 1207 2671 caxxvn
1227 2632 1318 2672 ΑΡ
1331 2647 1340 2672 :
1369 2645 1533 2673 chxm
1555 2634 1678 2673 Kritz
1821 2647 1870 2684 13

203 2696 354 2722 ccxcw
370 2684 484 2723 AP:
512 2697 652 2724 ccxcn
670 2685 858 2724 Laurent
915 2699 1041 2735 quam
1058 2692 1146 2725 tum
1165 2688 1209 2726 in
1228 2701 1354 2738 quam
1368 2693 1413 2727 tu
1435 2692 1647 2727 mutatum
1661 2689 1704 2728 A
1822 2702 1870 2737 14

203 2751 288 2777 cxv
305 2738 417 2777 AP:
446 2751 531 2778 cxx
550 2740 652 2779 Iani
779 2751 827 2789 15
856 2740 988 2779 infida
1006 2741 1188 2792 fafflpax
1202 2742 1290 2795 (sic)
1312 2743 1355 2781 A
1472 2744 1522 2782 16
1550 2743 1639 2782 orbi
1659 2743 1701 2781 A
1722 2757 1730 2782 :
1767 2744 1869 2782 orbe

203 2834 246 2873 P
329 2835 634 2874 monimentum
654 2836 823 2875 Baiter:
859 2801 1005 2876 monltu
1017 2837 1104 2890 (sic)
1134 2838 1206 2878 A:
1247 2850 1402 2878 nomen
1430 2838 1473 2876 P
1582 2851 1628 2888 17
1655 2851 1870 2888 qua—msu-

201 2895 351 2939 prascr.
372 2902 552 2939 usquam
570 2890 613 2928 A
769 2903 820 2940 19
847 2904 988 2942 neque
1008 2898 1109 2931 ante
1128 2893 1319 2932 aemulus
1339 2892 1502 2931 inuisus
1521 2892 1673 2932 Noua'k
1818 2906 1866 2931 21

205 2942 275 2984 M’.
299 2942 475 2983 Manilio
493 2943 637 2983 Aldus
655 2957 665 2983 z
695 2943 753 2985 M.
775 2944 934 2985 Manlio
953 2946 1044 2985 AP
1202 2960 1256 2997 23
1284 2946 1325 2985 A
1344 2948 1568 2986 mummius
1588 2948 1631 2986 A
1652 2961 1661 2986 ε
1690 2961 1715 2986 a
1737 2948 1870 2986 Mum-

205 2997 313 3037 mius
337 2998 406 3037 B:
433 2999 486 3038 A.
518 2998 746 3038 Mummius
765 2999 829 3039 P:
876 3000 920 3040 L.
948 3001 1177 3041 Mummius
1196 3002 1428 3042 Rhenanus
1605 3015 1658 3053 24
1686 3003 1870 3061 aig-clete

205 3064 297 3119 (sic)
317 3065 387 3106 A:
419 3080 444 3105 a
474 3065 621 3106 Belete
650 3066 693 3106 P
838 3068 1055 3120 Hipponis
1082 3069 1181 3119 ΑΡ,
1211 3083 1289 3110 em.
1322 3069 1510 3110 Gelenius
1663 3071 1796 3110 seruit
1825 3071 1865 3109 A

203 3131 256 3170 25
281 3121 477 3160 deuictae
499 3134 572 3161 eas
593 3121 758 3172 egentis
778 3123 821 3161 A
988 3125 1041 3163 26
1069 3124 1275 3175 apellatus
1293 3125 1336 3164 A
1359 3129 1396 3163 et
1412 3124 1468 3163 sic
1471 3123 1561 3175 fere
1574 3131 1734 3177 semper

1014 3200 1060 3228 12
