2014 3392
813 231 1031 280 LIBER
1066 230 1122 279 11

123 384 240 435 erat,
280 384 335 424 ut
375 373 427 423 in
467 373 644 423 ultimo
683 389 744 422 ac
784 370 1115 422 remotissimo
1162 369 1295 420 orbis
1336 379 1572 420 terrarum
1617 369 1800 434 angulo

122 471 479 505 consenescere
529 470 682 518 quam
741 455 959 502 Romam
1017 451 1207 542 regredi
1264 452 1444 500 mallet.
1540 450 1627 501 diu
1681 451 1799 501 dein

122 539 389 587 reluctatus
424 536 710 600 inuitusque
747 544 998 584 reuertens
1038 533 1091 582 in
1130 532 1327 583 Italiam
1350 531 1416 588 in
1455 533 1577 582 urbe
1619 533 1799 597 Lyciae

22 671 26 684 .
63 618 345 683 (Limyra
390 617 671 681 nominant)
710 617 888 666 morbo
934 615 1072 676 obiit,
1113 632 1230 664 cum
1269 624 1386 664 ante
1422 631 1611 663 annum
1646 617 1800 664 ferme

75 716 99 756 5
122 702 181 750 L
221 701 405 751 Caesar
449 702 596 749 frater
635 698 742 748 eius
791 697 1063 762 Hispanias
1109 707 1285 761 petens
1334 695 1587 746 Massiliae
1634 699 1801 746 deces-

21 779 26 791 ’
120 782 276 832 sisset.

188 864 290 913 Sed
320 864 531 922 fortuna,
565 879 694 926 quae
726 862 1028 912 subduxerat
1059 877 1201 925 spem
1234 859 1400 924 magni
1432 859 1664 920 nominiS,
1698 859 1796 908 iam
1819 878 1914 926 103

120 954 227 994 tum
274 943 344 994 rei
389 943 620 1008 publicae
660 960 751 993 sua
796 941 1041 1007 praesidia
1081 941 1392 992 reddiderat:
1451 940 1638 1005 quippe
1682 950 1799 990 ante

119 1024 375 1088 utriusque
408 1026 587 1074 horum
623 1023 818 1074 obitum
853 1034 991 1088 patre
1026 1033 1114 1073 tuo
1150 1026 1203 1072 P.
1242 1022 1442 1072 Vinicio
1478 1023 1683 1072 consule
1718 1022 1794 1072 Ti.

21 1094 49 1141 ⁸·
70 1121 99 1149 o
120 1107 257 1155 Nero
281 1122 506 1156 reuersus
531 1107 719 1156 Rhodo
747 1104 1025 1155 incredibili
1056 1103 1241 1154 laetitia
1267 1103 1475 1168 patriam
1507 1106 1793 1167 repleuerat.

22 1180 25 1190 ’
118 1203 222 1237 non
250 1197 326 1237 est
356 1186 444 1237 diu
476 1197 736 1237 cunctatus
761 1188 945 1238 Caesar
967 1189 1254 1250 Augustus3
1288 1202 1453 1249 neque
1484 1184 1619 1234 enim
1651 1201 1798 1248 quae·
1820 1199 1840 1226 2

20 1316 25 1338 ,-
118 1269 302 1318 rendus
325 1277 429 1317 erat
451 1285 603 1332 quem
621 1269 817 1332 legeret,
838 1270 928 1318 sed
952 1269 1191 1332 legendus
1210 1266 1297 1331 qui
1315 1266 1578 1316 eminebat.
1628 1265 1796 1329 itaque
1817 1285 1842 1324 3

20 1342 48 1395 ¹.
117 1350 258 1413 quod
293 1360 407 1413 post
443 1349 567 1398 Luci
603 1359 815 1399 mortem
850 1350 1017 1399 adhuc
1054 1348 1182 1399 Gaio
1220 1347 1340 1397 uiuo
1377 1349 1538 1397 facere
1573 1349 1799 1396 uoluerat

21 1468 27 1490 .-
116 1440 268 1494 atque
291 1446 354 1480 eo
378 1431 702 1480 uehementer
724 1440 1032 1495 repugnante
1056 1432 1260 1479 Nerone
1284 1439 1387 1479 erat
1410 1428 1664 1489 inhibitus,
1686 1437 1799 1492 post

20 1503 41 1566 ζ·
69 1526 95 1568 5
118 1510 374 1575 utriusque
413 1513 792 1562 adulescentum
828 1511 1023 1562 obitum
1060 1513 1222 1561 facere
1263 1509 1610 1575 perseuerauit,
1654 1518 1709 1558 ut
1749 1519 1799 1558 et

118 1592 411 1643 tribuniciae
468 1593 725 1658 potestatis
784 1593 1153 1644 consortionem
1213 1591 1403 1642 Neroni
1461 1591 1795 1651 constitueret,

118 1675 330 1724 multum
366 1674 571 1739 quidem
607 1691 670 1724 eo
706 1691 821 1724 cum
857 1674 997 1725 domi
1032 1685 1139 1724 tum
1174 1674 1226 1723 in
1262 1683 1436 1723 senatu
1480 1671 1796 1740 [recusante,]

116 1765 168 1805 et
206 1772 323 1805 eum
365 1755 511 1806 Aelio
553 1757 682 1807 Cato
730 1757 783 1806 C.
828 1756 1000 1806 Sentio
1038 1755 1327 1806 consulibus
1367 1757 1428 1804 V.
1471 1757 1582 1804 Kal.
1629 1754 1795 1815 Iulias,

117 1847 231 1901 post
288 1837 463 1886 urbem
522 1836 777 1887 conditam
834 1837 979 1887 annis
1040 1839 1328 1897 †DCCL1111,
1388 1835 1574 1886 abhinc
1635 1853 1795 1886 annos

21 1921 22 1924 ’
64 1945 85 1956 =·
117 1932 268 1967 xxvn
304 1920 576 1982 adoptaret.
650 1918 886 1968 laetitiam
933 1918 1063 1969 illius
1103 1917 1204 1969 diei
1245 1935 1645 1982 concursumque
1681 1917 1797 1968 ciui·
1814 1936 1841 1976 4

117 1999 229 2050 tatis
275 2010 326 2050 et
371 2010 491 2050 uota
535 2017 696 2064 paene
747 2000 1068 2051 inserentium
1120 2002 1260 2050 caelo
1318 2017 1495 2049 manus
1554 2016 1796 2064 spemque

115 2092 412 2146 conceptam
468 2092 735 2146 perpetuae
789 2082 1063 2133 securitatis
1116 2081 1518 2147 aeternitatisque
1577 2081 1797 2132 Romani

174 2246 193 2273 1
220 2189 318 2229 Μ
346 2239 556 2274 terrarum
586 2233 701 2273 orbis
728 2232 773 2273 A
798 2233 914 2285 (sic):
953 2239 1164 2273 terrarum
1192 2234 1307 2273 orbis
1325 2233 1369 2272 P
1488 2245 1514 2271 2
1545 2232 1629 2271 Diu
1659 2233 1714 2272 de
1744 2245 1793 2272 re

115 2287 296 2328 luctatus
331 2288 406 2327 A:
472 2287 641 2328 Deinde
679 2288 913 2328 reluctatus
945 2288 990 2327 Ρ
1002 2303 1012 2328 :
1073 2288 1147 2328 diu
1186 2289 1420 2328 reluctatus
1463 2301 1522 2327 an
1560 2288 1614 2326 de
1653 2288 1792 2327 reditu

40 2365 42 2369 ·
116 2343 301 2383 luctatus
330 2341 551 2395 legendum
583 2347 692 2390 esset,
724 2342 926 2382 dubitauit
955 2342 1092 2382 Bam
1119 2343 1227 2382 illud
1256 2347 1395 2382 tamen
1424 2342 1680 2394 praeferens:
1721 2343 1793 2382 diu

114 2398 273 2438 deinde
298 2397 374 2438 rel.
394 2396 604 2437 Ruhnken
622 2410 632 2437 ε
663 2398 734 2437 diu
755 2397 855 2437 dein
883 2397 957 2438 rel.
977 2398 1123 2450 scripd
1306 2411 1332 2447 4
1364 2397 1465 2449 Ly(i
1483 2396 1659 2448 A)rnira
1677 2396 1762 2437 BA
1781 2415 1790 2439 ι

116 2451 330 2504 Limyram
351 2451 395 2491 P
517 2464 645 2503 quom
665 2451 732 2493 P:
770 2465 855 2503 quo
882 2452 927 2492 A
1106 2465 1132 2503 5
1165 2452 1209 2494 1..
1237 2453 1452 2493 Gelenius:
1493 2452 1794 2503 quinquagesi-

115 2535 227 2563 mum
256 2521 348 2561 ΑΡ
468 2521 684 2562 Massiliae
713 2520 829 2562 AB:
878 2521 1067 2562 Massilia
1098 2521 1142 2561 P
1329 2515 1511 2573 9.C0-S
1546 2522 1615 2564 A.
1665 2522 1795 2564 COS.

114 2576 158 2617 Ρ
261 2576 357 2617 Tib.
381 2575 443 2618 Ρ·
492 2576 541 2616 Τ.
569 2576 612 2615 A
822 2588 872 2616 12
901 2576 1065 2628 legerat
1093 2575 1177 2615 BA
1387 2589 1436 2627 13
1467 2576 1590 2616 Lucil
1630 2577 1677 2618 L.
1707 2575 1799 2616 ΑΡ

115 2629 246 2685 Gaio]
267 2631 316 2671 C.
338 2630 429 2670 ΑΡ
648 2642 696 2681 14
726 2643 836 2682 quae
868 2643 921 2672 eo
951 2631 1021 2672 A:
1066 2636 1195 2682 atque
1225 2631 1291 2671 P:
1338 2632 1411 2670 ‘ex
1442 2631 1619 2683 uestegh‘s
1647 2632 1800 2671 uetusti

112 2685 255 2726 codicis
281 2685 502 2738 apparebat
521 2692 602 2737 pro
628 2692 770 2737 atque,
798 2699 851 2725 eo
875 2699 959 2737 que
986 2686 1074 2726 siue
1098 2699 1152 2725 eo
1177 2687 1291 2737 quod
1318 2686 1543 2738 serapium:
1574 2700 1679 2726 nam
1704 2700 1794 2727 ues-

113 2741 214 2794 Γαῖα
231 2741 444 2780 literarum
466 2741 540 2779 uix
550 2745 740 2792 poemmt
752 2740 884 2780 usum
891 2747 994 2793 prae
1006 2739 1223 2781 uetustate'
1238 2740 1395 2782 Bam:
1426 2754 1567 2792 eoque
1587 2741 1792 2781 Thomas.

113 2802 242 2847 atque
267 2808 322 2836 eo
341 2795 548 2847 praetuli.
587 2794 637 2834 de
657 2796 906 2847 pmnomnne
943 2795 1125 2835 Thomas
1152 2795 1378 2848 disputant?
1398 2801 1442 2847 p.
1470 2807 1519 2845 15
1743 2807 1792 2847 15

113 2850 434 2891 adulescentum
455 2849 528 2889 A.
566 2850 905 2891 adulescentium
924 2849 968 2890 Ρ
1161 2863 1208 2901 17
1238 2863 1337 2890 eum
1366 2849 1454 2900 del„
1478 2850 1567 2890 dein
1587 2857 1788 2910 suprascr.

113 2919 225 2960 eoA
340 2925 566 2960 recusante
586 2932 670 2958 om.
693 2918 736 2958 A
880 2921 931 2959 18
960 2919 1010 2960 C.
1030 2918 1127 2961 add.
1141 2918 1284 2959 Aldus
1394 2915 1601 2960 CGSA:
1630 2919 1792 2961 COSS.

114 2987 158 3028 Ρ
435 3001 486 3040 19
513 2999 707 3029 occurit.
726 2986 793 3028 1³:
821 3000 919 3028 acc·
935 2999 1030 3028 uui
1050 2987 1093 3027 A
1113 3001 1124 3027 ι
1151 2999 1401 3028 acc-ram
1416 3010 1430 3023 ο
1447 2987 1491 3027 Β
1653 3001 1793 3029 annos

114 3042 157 3082 A
178 3057 190 3083 ε
216 3042 342 3083 annis
359 3042 404 3083 Ρ
618 3054 666 3083 21
758 3055 813 3083 ne
832 3042 875 3082 A
1043 3042 1137 3082 celo
1156 3043 1199 3082 A
1342 3055 1511 3095 manuq.
1531 3055 1655 3095 spem
1683 3056 1794 3094 quae

114 3096 157 3136 A
317 3110 371 3138 σε
400 3103 653 3149 conceptam
789 3110 859 3138 er:
888 3105 1123 3150 conceptae
1141 3096 1234 3137 ΑΡ

904 3173 983 3213 ιι3
1556 3159 1585 3204 8
