2014 3444
782 231 1324 281 PROLEGOMENA

208 373 274 420 ad
310 388 362 420 se
399 370 603 420 missum
641 387 671 418 a
706 369 977 419 monachis.
1056 367 1339 417 Murbachii
1377 377 1507 416 certe
1553 384 1655 416 non
1695 384 1892 430 semper

211 461 370 509 codex
406 459 749 508 detinebatur:
789 459 1064 506 Rhenanus
1102 455 1235 506 enim
1268 474 1383 505 eum
1411 456 1656 504 Basileam
1693 455 1886 504 mitten-

213 549 335 596 dum
360 556 616 597 curauerat
641 564 701 596 eo
737 563 870 595 anno
903 563 1004 609 quo
1033 545 1307 609 principem
1341 544 1612 593 editionem
1641 544 1886 607 imprime-

211 637 308 685 bat.
383 636 632 686 Nimirum
683 636 971 698 apographo
1024 651 1126 682 non
1185 642 1448 682 contentus
1507 634 1644 696 quod
1696 632 1885 681 amicus

196 733 526 789 properanter
567 734 717 789 atque
765 725 1016 787 infeliciter
1067 724 1389 786 descripserat,
1438 722 1616 771 iterum
1658 722 1885 771 codicem

208 823 293 862 aut
335 813 442 877 ipse
489 812 698 862 contulit
746 821 831 860 aut
879 811 962 859 alii
1005 810 1143 860 dedit
1192 812 1550 859 conferendum
1566 810 1597 870 ¹,
1632 827 1795 873 neque
1834 810 1885 859 id

212 904 387 962 solum,
416 903 505 951 sed
529 918 614 950 eos
640 916 842 964 quoque
874 901 963 962 qui
973 898 1215 964 formulis
1236 900 1528 961 castigandis
1538 905 1813 962 praeerant
1832 900 1884 947 in

208 991 393 1052 officina
439 991 746 1038 Frobeniana
793 996 928 1051 saepe
965 989 1154 1035 monuit
1196 994 1253 1034 ut
1291 994 1426 1034 uetus
1465 990 1714 1050 exemplar
1749 987 1815 1051 (h.
1840 1003 1880 1035 e.

208 1079 373 1142 ipsum
410 1078 637 1127 codicem
676 1073 1081 1140 Murbacensem)
1113 1092 1207 1123 non
1245 1076 1404 1123 minus
1437 1092 1582 1137 quam
1617 1078 1883 1138 exemplum

211 1166 278 1231 (h.
308 1183 347 1215 e.
376 1167 698 1229 apographon
734 1166 872 1227 quod
903 1181 933 1212 a
966 1165 1214 1211 Rhenano
1249 1161 1562 1228 acceperant)
1588 1164 1881 1226 inspicerent.

213 1256 367 1316 Quod
391 1254 426 1302 ii
450 1271 564 1302 curn
597 1270 700 1302 non
724 1254 941 1300 facerent
978 1252 1130 1314 magis
1163 1258 1383 1299 curantes
1407 1258 1465 1298 ut
1491 1268 1636 1313 quam
1660 1253 1883 1313 primum

209 1345 370 1391 labore
409 1343 783 1405 defungerentur
819 1357 965 1402 quam
1013 1346 1072 1387 ut
1107 1340 1230 1387 liber
1272 1341 1381 1386 bene
1420 1340 1623 1400 liaberet,
1671 1342 1884 1388 Burerus

210 1431 429 1494 quidam,
473 1428 788 1479 amanuensis
831 1428 901 1477 sic
944 1427 1077 1476 enim
1120 1426 1331 1476 dicitur²
1371 1427 1618 1487 Rhenani,
1663 1431 1883 1475 uolumen

211 1521 334 1583 typis
368 1537 588 1567 excusam
623 1521 776 1566 denuo
809 1534 912 1565 cum
947 1523 1129 1564 uetusto
1165 1515 1232 1581 (h.
1256 1533 1295 1564 e.
1335 1515 1655 1565 Murbacensi
1687 1515 1883 1581 codice)

208 1611 411 1658 contulit
429 1612 551 1672 plns
572 1626 719 1671 quam
755 1609 1016 1669 diligenter,
1055 1607 1190 1654 cuius
1223 1607 1362 1654 labor
1393 1612 1465 1654 est
1501 1607 1882 1654 emendationum

211 1701 364 1748 ternio
387 1700 522 1762 operi
540 1699 758 1746 adiectus.

278 1792 398 1837 Post
435 1791 676 1836 Burerum
709 1787 845 1834 nulla
876 1784 1062 1834 codicis
1101 1783 1446 1833 Murbacensis
1479 1783 1655 1832 notitia
1689 1785 1754 1832 ad
1790 1800 1882 1832 nos

210 1875 449 1940 peruenit,
476 1874 772 1936 uideturque
797 1875 976 1922 eodem
1001 1874 1103 1921 fato
1128 1889 1245 1921 usus
1271 1889 1371 1935 quo
1396 1871 1479 1920 alii
1503 1871 1701 1921 codices
1721 1880 1883 1919 uetus-

210 1963 386 2013 tissimi
405 1965 494 2012 sed
514 1965 645 2011 lectu
670 1961 893 2011 difficiles
917 1960 1114 2024 penitus
1141 1977 1200 2008 ex
1224 1960 1380 2009 oculis
1405 1959 1667 2009 hominum
1691 1959 1883 2022 abrepti

210 2061 337 2102 sunt.
413 2053 656 2114 Exemplo
695 2050 756 2099 sit
796 2051 1099 2112 archetypon
1136 2048 1273 2109 illud,
1317 2066 1347 2097 a
1388 2047 1575 2111 Poggio
1616 2057 1880 2110 repertum,

210 2142 574 2190 Astronomicon
593 2139 783 2198 Manili,
803 2141 1059 2188 Siluarum
1076 2137 1199 2187 Stati
1216 2156 1229 2198 ,·
1258 2138 1396 2200 quod
1415 2154 1517 2186 non
1534 2136 1698 2185 minus
1714 2138 1884 2199 deper-

211 2230 371 2279 ditum
404 2230 631 2278 dolemus
668 2244 819 2290 quam
851 2229 986 2275 hunc
1016 2229 1079 2275 de
1113 2243 1213 2289 quo
1249 2225 1454 2288 agimus,
1496 2225 1881 2273 Murbacensem

210 2317 371 2367 Vellei
407 2317 647 2376 codicem,
686 2315 916 2364 mutilum
953 2332 1068 2364 eum
1101 2314 1303 2378 quidem
1340 2331 1399 2363 ac
1434 2313 1670 2376 temporis
1706 2313 1882 2362 iniuria

210 2407 424 2471 pessime
442 2406 683 2465 habitum,
704 2404 964 2467 antiquum
989 2413 1170 2463 tamen,
1198 2413 1246 2452 et
1280 2403 1321 2452 si
1345 2404 1498 2451 modo
1523 2402 1700 2450 iterum
1725 2401 1881 2464 possit

211 2494 415 2555 renasci,
437 2496 669 2542 -multum
711 2510 770 2541 ex
812 2491 1076 2541 eruditiore
1114 2501 1284 2540 nostro
1323 2492 1521 2540 saeculo
1559 2499 1879 2553 accepturum

213 2584 335 2633 lucis
361 2600 536 2633 nouae.

264 2713 278 2734 ²
309 2713 501 2763 Epistula
539 2711 741 2751 Rhenani
780 2711 834 2749 ad
874 2709 1135 2760 Spalatinum
1172 2709 1285 2748 edita
1316 2722 1340 2747 a
1375 2708 1584 2747 Fechtero
1619 2708 1698 2746 Die
1728 2707 1881 2746 Amer-

143 2810 149 2817 .
210 2778 627 2828 bachischeAbschrzfl
643 2777 711 2816 des
729 2775 898 2814 Velleius
915 2775 1165 2824 Paterculus,
1182 2774 1319 2826 Basel,
1341 2775 1459 2824 1844,
1475 2787 1515 2824 p.
1534 2787 1586 2824 42
1599 2774 1740 2812 Emisi
1756 2781 1887 2825 nuper

215 2845 422 2884 Vellaeum
443 2848 646 2894 utcunque
671 2843 926 2894 castigatum.
956 2842 1010 2880 In
1034 2856 1114 2892 quo
1135 2841 1469 2890 mullumsalsus
1486 2854 1596 2891 sum,
1619 2840 1732 2890 quod
1747 2853 1880 2894 exem-

202 2911 304 2962 plar
315 2909 553 2959 fidelissime
586 2909 826 2959 descriptum
864 2908 1099 2959 arbitrabar,
1127 2920 1221 2946 cum
1240 2912 1451 2958 postrema
1481 2906 1553 2945 sed
1581 2906 1759 2945 m’mium
1789 2919 1878 2944 sera

207 2975 360 3014 collatio
379 2974 535 3012 librarii
548 2974 801 3012 oscitantiam
821 2977 982 3023 arguat.

211 3092 213 3094 Ι
263 3041 278 3064 ²
309 3040 357 3079 In
378 3040 526 3079 eadem
549 3040 742 3090 Epistula
761 3040 814 3078 ad
837 3039 1115 3088 Spalatinum.

1029 3128 1058 3153 X

2000 2389 2014 2679 ——n---n—-L-.
2004 2367 2006 2370 ’
2006 2329 2008 2334 -
