2014 3392
739 206 996 254 VELLEI
1035 207 1434 257 PATERCVLI

247 351 567 391 conseruatae
607 343 792 406 patriae
833 344 1044 407 pretium
1086 345 1415 395 calamitatem
1457 346 1569 396 exili
1615 346 1736 396 tulit.
1810 362 1913 395 non

247 433 507 472 caruerunt
531 424 812 487 suspicione
836 426 1057 489 oppressi
1077 426 1331 477 Ciceronis
1351 429 1533 478 Caesar
1556 437 1605 477 et
1630 428 1908 491 Pompeius.

247 507 344 554 hoc
377 505 470 567 sibi
503 506 802 556 contraxisse
831 507 1094 557 uidebatur
1126 508 1317 568 Cicero,
1346 511 1483 572 quod
1518 509 1644 559 inter
1674 525 1749 558 xx
1782 509 1913 559 uiros

202 597 223 636 3
246 586 520 636 diuidendo
556 604 672 651 agro
702 590 961 651 Campano
994 606 1101 638 esse
1133 590 1383 639 noluisset.
1456 590 1590 640 idem
1621 591 1748 640 intra
1779 591 1914 640 bien-

247 667 384 716 nium
432 685 539 717 sera
586 670 677 719 Cn.
729 670 938 733 Pompei
992 687 1120 731 cura,
1170 688 1344 720 uerum
1390 681 1445 721 ut
1491 672 1656 736 coepit
1706 672 1910 731 intenta,
1935 686 1958 728 5

245 749 474 812 uotisque
514 750 684 799 Italiae
721 767 780 799 ac
817 751 1025 801 decretis
1064 761 1276 812 senatus,
1314 752 1494 802 uirtute
1531 763 1680 816 atque
1717 753 1912 802 actione

245 830 381 879 Anni
415 830 619 880 Milonis
651 831 835 880 tribuni
866 834 929 895 pl.
958 832 1183 895 dignitati
1217 834 1501 898 patriaeque
1535 835 1785 884 restitutus
1821 843 1906 883 est.

246 928 408 974 neque
454 921 568 975 post
610 912 866 961 Numidici
912 913 1111 962 exilium
1157 931 1216 963 ac
1262 915 1475 964 reditum
1517 916 1779 979 quisquam
1826 924 1910 964 aut
2007 976 2009 978 Ι

244 994 475 1055 expulsus
511 992 803 1042 inuidiosius
836 1003 920 1042 aut
951 1004 1177 1057 receptus
1210 1004 1284 1044 est
1319 996 1522 1046 laetius:
1559 997 1698 1046 cuius
1728 999 1908 1046 domus
1983 1047 1988 1050 .

244 1090 394 1136 quam
426 1074 602 1123 infeste
633 1092 663 1123 a
688 1075 869 1125 Clodio
902 1075 1107 1125 disiecta
1138 1086 1252 1137 erat,
1280 1086 1381 1126 tarn
1414 1077 1637 1141 speciose
1668 1096 1698 1127 a
1733 1086 1907 1127 senatu
1934 1085 1995 1133 103

195 1179 220 1219 4
243 1155 464 1204 restituta
488 1165 573 1205 est.
647 1156 781 1205 idem
812 1160 863 1206 P.
893 1158 1100 1207 Clodius
1133 1158 1184 1207 in
1208 1163 1427 1211 'l‘senatu
1459 1160 1552 1208 sub
1584 1159 1909 1209 honorificen-
1955 1154 1959 1165 '
2002 1159 2003 1170 ²

242 1236 433 1286 tissimo
458 1237 696 1286 ministeri
723 1237 867 1287 titulo
894 1241 964 1287 M.
994 1240 1239 1289 Catonem
1271 1257 1301 1288 a
1331 1257 1382 1289 re
1414 1240 1614 1303 publica
1645 1240 1908 1303 relegauit:

242 1318 427 1381 quippe
462 1320 622 1382 legem
658 1319 781 1379 tulit,
813 1328 867 1368 ut
902 1319 943 1368 is
979 1329 1210 1383 quaestor
1245 1338 1360 1370 cum
1395 1321 1498 1370 iure
1534 1321 1792 1385 praetorio,
1827 1322 1909 1370 ad-

239 1399 370 1448 iecto
416 1399 565 1448 etiam
603 1410 876 1463 quaestore,
921 1401 1192 1450 mitteretur
1231 1402 1282 1451 in
1324 1402 1535 1452 insulam
1577 1404 1797 1466 Cyprum
1843 1402 1910 1451 ad

240 1481 556 1544 spoliandum
581 1499 736 1545 regno
759 1484 1114 1543 Ptolemaeum,
1143 1484 1375 1533 omnibus
1406 1501 1600 1533 morum
1632 1484 1764 1534 uitiis
1796 1501 1906 1533 eam
1933 1485 2007 1563 1535

193 1586 214 1625 5
240 1563 591 1611 contumeliam
618 1564 860 1613 meritum.
911 1566 1000 1613 sed
1024 1564 1105 1613 ille
1130 1565 1222 1613 sub
1247 1567 1520 1614 aduentum
1546 1565 1751 1616 Catonis
1775 1565 1907 1614 uitae
1983 1580 1989 1630 s

239 1660 357 1692 suae
394 1644 497 1692 uim
535 1644 710 1694 intulit.
783 1647 918 1694 unde
955 1645 1219 1708 pecuniam
1256 1648 1402 1709 longe
1440 1656 1632 1710 sperata
1669 1646 1906 1696 maiorem
1983 1646 2000 1714 ζἑ

240 1726 367 1775 Cato
398 1728 615 1775 Romam
645 1726 858 1776 rettulit:
900 1727 1039 1776 cuius
1069 1727 1398 1791 integritatem
1433 1728 1622 1778 laudari
1653 1730 1790 1777 nefas
1815 1737 1903 1788 est,
1994 1723 2000 1737 ’

237 1806 500 1856 insolentia
539 1825 698 1871 paene
738 1808 874 1871 argui
914 1818 1091 1872 potest,
1132 1811 1270 1872 quod
1310 1827 1410 1858 una
1455 1826 1570 1858 curn
1617 1809 1905 1859 consulibus
1978 1835 1980 1838 >
2013 1822 2014 1838 ³

236 1904 295 1936 ac
331 1898 504 1937 senatu
541 1891 695 1938 effusa
730 1889 928 1938 ciuitate
965 1889 1181 1950 obuiam,
1208 1907 1323 1939 cum
1355 1907 1443 1954 per
1465 1891 1687 1940 Tiberim
1720 1890 1906 1939 subiret
1931 1903 1951 1933 2

236 1968 462 2029 nauibus,
503 1987 605 2019 non
646 1980 762 2019 ante
799 1970 857 2019 iis
899 1987 1120 2034 egressus
1159 1981 1246 2032 est,
1287 1988 1438 2034 quam
1477 1973 1544 2021 ad
1581 1989 1695 2021 eum
1737 1973 1904 2021 locum

235 2050 474 2113 peruenit,
502 2051 588 2100 ubi
612 2061 714 2100 erat
738 2054 1033 2115 exponenda
1055 2052 1278 2116 pecunia.

139 2133 212 2192 46
305 2133 436 2182 Cum
472 2132 655 2182 deinde
695 2133 907 2182 inmanis
946 2150 1021 2182 res
1059 2133 1142 2183 uix
1178 2133 1344 2183 multis
1382 2133 1720 2183 uoluminibus
1758 2133 1906 2198 expli-

292 2296 311 2323 1
343 2282 581 2322 calamitate
609 2282 706 2335 ΑΡ,
739 2296 817 2324 em.
842 2283 1028 2323 Gelenius
1191 2284 1307 2322 exilii
1326 2283 1417 2322 ΑΡ
1631 2297 1656 2322 2
1684 2284 1835 2334 suspit.
1855 2283 1900 2322 A

232 2351 258 2386 4
287 2338 473 2376 uidendo
510 2338 553 2375 A
722 2349 746 2387 5
776 2344 823 2377 ut
857 2338 999 2389 coepit
1037 2337 1250 2378 Gelenius:
1280 2343 1324 2378 et
1354 2339 1471 2388 cupit
1500 2337 1591 2376 ΑΡ
1738 2339 1903 2378 intenta
1975 2370 1977 2373 .
2003 2354 2007 2387 ι

239 2392 464 2442 Wopkens:
504 2391 676 2432 interita
705 2392 796 2430 ΑΡ
992 2394 1019 2431 6
1047 2406 1096 2431 ac
1133 2392 1186 2443 P,
1219 2393 1393 2432 secunda
1430 2394 1559 2431 littera
1594 2393 1740 2431 incerta
1774 2393 1816 2431 in
1854 2392 1898 2431 A
1969 2403 1972 2406 ’

231 2452 406 2486 sanatus
425 2447 468 2484 A
619 2460 642 2497 7
671 2446 790 2485 Anni
808 2446 900 2485 ΑΡ
1003 2446 1096 2488 TR.
1119 2447 1202 2487 PL.
1222 2446 1265 2485 A
1379 2447 1584 2496 dignitate
1603 2447 1646 2485 A
1796 2447 1823 2485 8
1851 2460 1900 2486 ac
1966 2478 1968 2482 ,

230 2543 395 2594 scripsi:
422 2549 494 2582 aut
512 2542 603 2581 ΑΡ
731 2555 781 2582 10
810 2502 1241 2594 q-uffi-qug-fflfestae
1260 2556 1386 2594 quam
1406 2543 1559 2582 infeste
1578 2542 1621 2580 A
1646 2543 1766 2595 (sic):
1796 2542 1904 2606 unde
1964 2576 1966 2578 .

228 2598 414 2648 suspicor
436 2598 480 2636 in
500 2598 760 2637 Murbacensi
775 2598 911 2647 fuisse
939 2599 1133 2648 quamuis
1162 2605 1362 2649 suprascr.
1391 2611 1546 2648 quam:
1569 2598 1672 2648 sort.
1703 2610 1830 2647 quam
1857 2611 1899 2636 ul

228 2665 439 2702 quamque
476 2652 631 2691 infeste
873 2664 917 2690 11
950 2653 993 2691 in
1031 2658 1183 2691 senatu
1215 2651 1328 2691 AP:
1369 2652 1412 2691 in
1446 2652 1663 2691 tribunatu
1699 2651 1900 2690 Heinsius

232 2718 282 2744 12
313 2707 533 2745 ministerii
554 2706 668 2746 AP:
696 2706 909 2744 Kritzium
929 2707 1164 2745 dubitanter
1176 2710 1336 2745 secutus
1353 2719 1452 2745 sum
1646 2718 1694 2756 13
1723 2706 1830 2744 iurae
1850 2705 1893 2743 A

231 2772 281 2810 14
308 2767 512 2811 quaestor
541 2762 807 2800 emitteretur
833 2760 932 2811 ΑΡ,
961 2774 1039 2801 em.
1074 2761 1260 2800 Gelenius
1465 2772 1512 2811 15
1543 2760 1823 2799 Ptolomaeum
1850 2759 1894 2797 A

231 2827 279 2863 17
309 2820 403 2854 ante
431 2816 572 2855 intulit
605 2828 770 2854 erasum
802 2819 861 2853 est
891 2816 935 2853 in
963 2815 1005 2853 A
1040 2815 1134 2867 intr,
1164 2814 1274 2854 credo
1306 2828 1357 2854 ex
1390 2816 1499 2854 male
1525 2816 1715 2854 intellecto
1753 2814 1896 2854 intulit

1751 2879 1774 2901 Ο

231 2923 281 2959 19
308 2917 375 2951 est
413 2917 555 2961 potest
586 2911 629 2950 A
667 2911 754 2965 (sic)
866 2911 1112 2950 consulibus
1131 2910 1205 2950 A:
1236 2910 1395 2951 COSS.
1423 2910 1468 2949 P
1614 2924 1668 2950 20
1695 2910 1830 2950 effusa
1849 2909 1892 2947 A
1959 2952 1962 2954 ,

227 2978 276 3004 21
309 2966 380 3018 iis]
409 2966 445 3005 is
473 2965 564 3004 ΑΡ
723 2978 776 3016 23
805 2965 987 3004 inmanis
1009 2971 1219 3005 mutatum
1239 2967 1283 3005 in
1301 2978 1397 3005 -nes
1417 2965 1460 3003 A

1032 3117 1087 3170 64
