2014 3392
693 196 950 243 VELLEI
989 197 1390 246 PATERCVLI

209 333 443 397 iussuque
471 337 540 383 M.
569 334 772 395 Antoni,
800 334 939 383 cuius
972 351 1119 398 opem
1152 334 1370 398 petierat,
1397 337 1517 384 dum
1547 334 1672 384 inter
1696 337 1875 384 ducem

209 427 258 466 et
294 416 567 480 supplicem
601 419 924 465 tumultuatur
959 427 1007 465 et
1043 434 1176 465 nunc
1209 416 1498 480 dignitatem
1527 416 1715 477 retinet,
1743 434 1877 466 nunc

163 510 187 548 6
211 497 363 546 uitam
383 508 626 568 precatur,
653 515 682 546 a
706 497 840 547 Titio
873 497 1117 561 iugulatus
1147 508 1248 547 est:
1286 497 1366 547 cui
1390 498 1440 546 in
1466 507 1657 546 tantum
1682 497 1878 547 durauit

211 582 307 629 hoc
345 579 561 629 facinore
598 589 904 629 contractum
944 579 1130 639 odium,
1169 589 1223 628 ut
1260 597 1375 628 mox
1412 581 1557 628 ludos
1598 579 1648 627 in
1687 581 1878 628 theatro

213 661 421 724 Pompei
453 661 637 710 faciens
679 660 1012 709 exsecratione
1044 660 1216 724 populi
1249 663 1545 724 spectaculo,
1574 662 1710 723 quod
1746 677 1879 724 prae-
1902 682 1925 722 5

212 744 375 803 bebat‚
402 745 673 807 pelleretur.

121 826 189 873 80
281 824 542 873 Acciuerat
587 840 760 887 gerens
808 832 979 872 contra
1037 823 1330 886 Pompeium
1378 824 1563 873 bellum
1611 840 1669 872 ex
1715 822 1882 871 Africa

214 908 396 956 Caesar
422 905 667 968 Lepidum
693 922 807 954 cum
832 904 1099 954 duodecim
1125 904 1407 968 semiplenis
1436 904 1725 968 legionibus.
1798 904 1880 953 hic

212 986 287 1035 uir
333 986 557 1036 omnium
605 986 900 1035 uanissimus
952 1003 1115 1049 neque
1162 988 1262 1035 ulla
1307 986 1485 1035 uirtute
1533 996 1633 1034 tam
1680 987 1878 1049 longam

212 1071 435 1118 fortunae
490 1068 847 1132 indulgentiam
906 1068 1106 1117 meritus
1165 1068 1430 1117 exercitum
1490 1067 1710 1131 Pompei,
1765 1067 1881 1130 quia
1908 1086 1957 1114 ιο

213 1149 412 1213 propior
435 1151 604 1210 fuerat,
633 1158 923 1212 sequentem
957 1166 1059 1198 non
1098 1148 1264 1212 ipsius,
1293 1151 1381 1198 sed
1420 1148 1643 1199 Caesaris
1675 1147 1882 1197 auctori-

169 1256 186 1282 2
213 1242 363 1280 tatem
388 1249 446 1280 ac
465 1233 630 1291 fidem,
649 1231 742 1280 sibi
758 1231 978 1280 iunxerat
997 1231 1293 1295 inflatusque
1311 1231 1521 1294 amplius
1540 1246 1615 1278 xx
1630 1229 1880 1294 legionum

213 1330 420 1362 numero
445 1312 495 1360 in
521 1312 572 1362 id
597 1312 770 1362 furoris
794 1322 1111 1376 processerat,
1133 1322 1186 1361 ut
1211 1312 1394 1361 inutilis
1419 1312 1470 1360 in
1494 1312 1654 1361 aliena
1678 1310 1883 1361 uictoria

213 1411 395 1454 comeS,
446 1411 596 1457 quam
644 1394 729 1444 diu
782 1403 999 1443 moratus
1054 1403 1169 1454 erat,
1219 1393 1509 1443 dissidendo
1556 1393 1606 1441 in
1666 1391 1881 1442 consiliis

215 1475 413 1526 Caesari
438 1486 486 1525 et
511 1492 705 1538 semper
728 1475 923 1525 diuersa
946 1475 1036 1535 his,
1064 1492 1191 1538 quae
1215 1474 1321 1523 aliis
1346 1475 1622 1538 placebant,
1650 1473 1880 1534 dicendo,
1911 1493 1956 1535 15

215 1566 370 1606 totam
396 1556 653 1606 uictoriam
679 1566 733 1605 ut
758 1574 897 1605 suam
922 1556 1330 1619 interpretaretur,
1357 1556 1672 1618 audebatque
1697 1557 1885 1604 denun-

170 1661 193 1699 3
216 1639 334 1688 tiare
361 1638 572 1699 Caesari,
600 1640 857 1687 excederet
882 1637 1057 1687 Sicilia.
1131 1654 1234 1686 non
1258 1638 1323 1685 ab
1342 1636 1655 1700 Scipionibus
1679 1635 1885 1698 aliisque

217 1722 465 1771 ueteribus
487 1724 830 1770 Romanorum
849 1722 1035 1769 ducum
1055 1719 1328 1782 quidquam
1346 1736 1522 1767 ausum
1541 1727 1886 1781 patratumque

218 1803 389 1852 fortius
415 1819 565 1865 quarn
591 1811 710 1850 tunc
733 1818 763 1849 a
796 1802 1019 1851 Caesare.
1094 1799 1279 1863 quippe
1304 1817 1418 1849 cum
1444 1798 1642 1848 inermis
1668 1808 1717 1848 et
1741 1801 1887 1847 lacer-

218 1895 362 1934 natus
410 1894 552 1945 esset,
592 1893 783 1947 praeter
820 1900 1005 1932 nomen
1048 1882 1170 1931 nihil
1209 1885 1420 1943 trahens,
1448 1882 1692 1946 ingressus
1732 1890 1889 1930 castra
1913 1901 1961 1929 20

220 1965 410 2029 Lepidi,
438 1965 646 2025 euitatis,
673 1982 800 2028 quae
825 1964 959 2013 iussu
984 1963 1200 2013 hominis
1228 1963 1505 2027 prauissimi
1540 1961 1676 2030 [tela]
1702 1962 1753 2011 in
1773 1979 1887 2011 eum

218 2059 329 2097 acta
352 2058 504 2108 erant,
532 2065 646 2096 cum
679 2049 875 2096 lacerna
898 2047 1003 2096 eius
1031 2049 1275 2110 perforata
1307 2055 1435 2096 esset
1459 2048 1644 2106 lancea,
1671 2044 1887 2108 aquilam

170 2154 196 2192 4
219 2129 425 2194 legionis
473 2146 642 2192 rapere
699 2146 847 2178 ausus
906 2139 991 2178 est.
1079 2129 1241 2189 scires,
1291 2127 1412 2191 quid
1463 2127 1719 2177 interesset
1764 2127 1890 2176 inter

220 2214 402 2261 duces:
439 2210 613 2259 armati
637 2210 878 2259 inermem
902 2209 1058 2259 secuti
1091 2219 1206 2259 sunt
1237 2209 1534 2272 decimoque
1566 2227 1699 2259 anno
1738 2226 1887 2273 quam

220 2295 284 2342 ad
320 2291 712 2355 indignissimam
754 2291 856 2340 uita
893 2309 982 2340 sua
1018 2291 1291 2355 potentiam
1327 2301 1630 2355 peruenerat,
1670 2291 1889 2355 Lepidus
1917 2309 1963 2350 25
2004 2283 2005 2286 ¹

280 2436 298 2461 1
330 2422 506 2461 Antonii
526 2422 615 2460 AP
775 2434 799 2471 5
830 2435 971 2463 execr.
994 2422 1083 2460 ΑΡ
1188 2423 1303 2472 quod
1324 2435 1405 2461 om.
1425 2421 1468 2460 A
1614 2423 1640 2460 8
1671 2422 1891 2473 Laepidum

222 2506 315 2532 cum
342 2485 406 2531 {fr-1
425 2491 467 2529 A
613 2504 662 2540 13
692 2491 734 2529 in
755 2492 893 2530 aliena
913 2491 1092 2530 uictoria
1111 2490 1271 2531 Burer:
1300 2491 1344 2529 in
1364 2491 1529 2530 alienae
1549 2491 1755 2530 uictoriae
1776 2491 1865 2530 AB
1882 2507 1892 2531 :
2011 2534 2014 2539 ⁴

222 2548 389 2586 alienae
405 2547 608 2585 uictoriae
628 2546 671 2584 P
780 2559 828 2596 14
858 2546 1057 2595 quamdiu
1076 2546 1118 2584 A
1243 2558 1291 2595 15
1322 2545 1497 2584 Caesari
1515 2545 1758 2585 Acidalius:
1788 2547 1890 2586 diss.
1998 2551 2014 2613 ,ᾗ

223 2615 338 2641 cons.
371 2601 568 2640 Caesaris
597 2601 761 2639 Halm:
802 2601 998 2640 Caesaris
1026 2600 1124 2652 ΑΡ,
1157 2600 1269 2650 quod
1292 2600 1331 2638 si
1355 2600 1593 2650 retinebitur,
1627 2602 1710 2647 cn't,
1743 2601 1894 2651 quoties
2011 2636 2014 2644 ,

227 2657 381 2695 Caesar
402 2656 639 2694 deliberabat
661 2668 754 2693 cum
775 2651 936 2694 consilio
963 2669 1040 2693 suo
1148 2655 1214 2693 his
1237 2668 1334 2704 quae
1353 2654 1414 2695 P:
1445 2655 1511 2693 his
1530 2667 1571 2704 q.
1591 2654 1634 2692 A
1655 2669 1662 2694 :
1694 2654 1746 2694 iis
1770 2655 1898 2694 Orelli
2003 2653 2014 2717 Ξ

229 2713 280 2749 16
308 2716 443 2750 totam
462 2709 545 2748 BA
568 2725 577 2750 :
612 2715 744 2749 tutam
764 2710 808 2748 P
912 2710 1269 2760 interpretaretur
1293 2710 1561 2759 audebatque
1588 2708 1800 2750 Gelenius:
1830 2710 1893 2748 in-
2007 2723 2014 2726 ·

224 2766 539 2815 terpretabatur
566 2766 834 2814 audebatque
853 2764 962 2805 ΑΡ;
1000 2765 1356 2814 interpretaretur
1384 2765 1643 2813 auderetque
1672 2764 1892 2804 Ruhnken.

224 2820 300 2858 An
323 2820 582 2870 parenthesin
599 2820 769 2869 faciunt
794 2819 867 2857 illa
896 2819 939 2857 in
969 2819 1011 2857 id
1033 2819 1188 2857 furoris
1227 2824 1498 2869 processerat
1519 2849 1528 2858 .
1549 2848 1559 2858 .
1581 2848 1591 2858 .
1615 2818 1813 2862 dicendo,
1850 2824 1896 2857 ut
2001 2799 2014 2877 ἑ

227 2874 491 2925 respondeant
520 2874 625 2912 inter
652 2887 695 2912 se
723 2874 932 2923 iunxerat,
954 2874 1335 2923 interpretabatur?
1519 2885 1567 2922 17
1598 2873 1745 2912 aliisue
1770 2873 1899 2912 Orelli
2003 2891 2014 2918 3

227 2942 280 2967 20
309 2934 453 2978 preter
471 2928 513 2965 A
675 2941 724 2967 21
748 2929 833 2967 tela
852 2927 913 2966 P:
943 2941 1026 2968 om.
1045 2928 1088 2966 A
1244 2941 1296 2967 22
1325 2933 1420 2966 acta
1437 2926 1528 2966 ΑΡ
1540 2942 1549 2967 :
1579 2927 1688 2966 iacta
1710 2927 1896 2966 Gelenius
2008 2961 2014 2984 Ι

227 2983 331 3021 Post
349 2983 498 3022 lancea
517 2996 682 3022 erasum
701 2987 760 3021 est
776 2984 820 3021 in
839 2983 881 3020 A
903 2995 929 3032 q
1114 2994 1166 3032 25
1196 2982 1531 3032 indignissimam
1552 2982 1772 3032 Ruhnken,
1787 2981 1898 3033 quod
2009 2986 2014 3015 Ι

235 3037 417 3076 Thomas
434 3038 636 3088 suppleuit
653 3037 800 3077 adiecto
819 3037 932 3076 illam
950 3051 959 3076 :
989 3037 1032 3076 in
1052 3037 1282 3091 dissimilffl
1300 3036 1343 3075 P
1340 3037 1485 3089 fimam
1503 3035 1594 3075 ΑΡ

1034 3128 1089 3169 94
