2014 3392
716 212 974 261 VELLEI
1013 215 1413 265 PATERCVLI

189 362 214 402 6
238 351 595 414 oppugnationi
634 362 801 402 autem
844 354 1119 404 Praenestis
1156 371 1215 404 ac
1254 355 1383 404 Mari
1428 358 1701 420 praefuerat
1743 358 1905 408 Ofella

240 432 509 493 Lucretius,
528 433 742 497 quicum
758 444 873 484 ante
891 435 1225 484 Marianarum
1240 437 1410 486 fuisset
1424 438 1637 501 partium
1657 441 1682 497 †
1692 449 1900 502 praetor,

236 515 301 562 ad
343 515 529 562 Sullam
571 517 904 579 transfugerat.
976 516 1260 566 felicitatem
1307 517 1419 578 diei,
1464 536 1566 582 quo
1608 520 1903 569 Samnitium

236 594 554 659 Telesinique
594 599 765 659 pulsus
804 607 877 646 est
915 598 1167 659 exercitus,
1209 601 1344 648 Sulla
1389 610 1626 663 perpetua
1671 603 1902 651 ludorum

236 675 528 725 circensium
553 677 816 727 honorauit
840 679 1091 740 memoria,
1113 680 1199 744 qui
1217 681 1310 730 sub
1329 681 1433 731 eius
1452 682 1655 732 nomine
1674 684 1903 732 Sullanae
1926 699 1949 739 5

236 757 484 808 Victoriae
509 760 829 809 celebrantur.

147 851 212 899 28
254 844 256 846 ’
304 842 459 889 Paulo
483 850 598 890 ante
622 858 772 904 quarn
798 843 932 891 Sulla
959 844 1024 892 ad
1057 842 1388 906 Sacriportum
1425 844 1693 905 dimicaret,
1721 845 1904 908 magni-

235 920 340 970 ficis
364 921 561 984 proeliis
593 922 805 986 partium
838 923 943 972 eius
975 923 1066 972 uiri
1098 925 1316 974 hostium
1354 927 1620 975 exercitum
1658 929 1899 988 fuderant,

237 1003 339 1050 duo
365 1002 557 1051 Seruilii
587 1005 723 1066 apud
748 1003 988 1065 Clusium,
1018 1007 1253 1055 Metellus
1286 1006 1403 1056 Pius
1431 1009 1567 1070 apud
1593 1008 1898 1069 Fauentiam,

190 1103 209 1130 2
237 1085 307 1132 M.
338 1085 573 1133 Lucullus
598 1084 727 1133 circa
751 1084 1043 1135 Fidentiam.
1116 1086 1414 1136 uidebantur
1442 1088 1580 1137 finita
1603 1089 1720 1138 belli
1744 1089 1902 1139 ciuilis
1929 1108 1983 1136 10

236 1166 377 1224 mala,
405 1181 520 1213 cum
557 1167 721 1214 Sullae
761 1166 1050 1216 crudelitate
1090 1177 1235 1216 aucta
1272 1178 1398 1218 sunt.
1472 1169 1656 1233 quippe
1692 1170 1902 1220 dictator

235 1255 425 1294 creatus
452 1245 612 1311 (cuius
645 1247 847 1296 honoris
883 1248 1136 1311 usurpatio
1167 1266 1255 1312 per
1277 1267 1435 1299 annos
1460 1265 1567 1299 cxx
1592 1250 1869 1301 intermissa
1888 1271 1902 1314 3

235 1343 351 1375 nam
388 1327 639 1390 proximus
681 1338 794 1391 post
839 1346 1028 1378 annum
1069 1347 1220 1394 quam
1264 1331 1521 1381 Hannibal
1561 1332 1704 1381 Italia
1741 1350 1902 1383 exces-

233 1418 373 1468 serat,
395 1408 467 1457 uti
490 1419 722 1472 appareat
745 1412 987 1473 populum
1008 1413 1295 1461 Romanum
1320 1430 1466 1462 usum
1491 1413 1742 1463 dictatoris
1766 1415 1901 1463 haud

236 1499 371 1539 metu
413 1490 719 1540 desiderasse
765 1491 850 1540 tali
891 1509 992 1556 quo
1033 1492 1276 1542 timuisset
1316 1493 1634 1560 potestatem)
1676 1495 1898 1559 imperio,
1930 1514 2010 1557 15·

233 1589 326 1634 quo
356 1572 541 1635 priores
569 1575 635 1622 ad
673 1573 1027 1623 uindicandam
1065 1574 1289 1624 maximis
1321 1575 1550 1638 periculis
1581 1576 1789 1640 patriam
1825 1577 1901 1626 usi

233 1664 384 1714 erant,
434 1671 495 1703 eo
542 1656 595 1704 in
642 1654 923 1704 inmodicae
975 1655 1274 1705 crudelitatis
1327 1656 1576 1706 licentiam
1635 1675 1752 1707 usus
1811 1667 1897 1707 est.

186 1761 209 1800 3
232 1735 418 1798 primus
465 1735 560 1796 ille,
609 1745 659 1785 et
704 1736 894 1785 utinam
940 1736 1156 1797 ultimus,
1205 1740 1486 1801 exemplum
1532 1738 1902 1802 proscriptionis

233 1817 437 1878 inuenit,
486 1827 541 1866 ut
586 1817 638 1866 in
686 1835 785 1882 qua
838 1818 1037 1868 ciuitate
1090 1819 1356 1882 petulantis
1411 1819 1608 1869 conuici
1661 1820 1901 1870 iudicium

293 1962 310 1987 1
344 1948 672 1999 oppugnationis
685 1947 776 1986 ΑΡ
845 1949 1070 2000 praefuera
1086 1949 1127 1988 B
1234 1949 1389 1989 Affella
1404 1950 1468 1991 B:
1498 1950 1638 1990 Afella
1653 1952 1695 1990 A
1717 1965 1727 1991 :
1757 1950 1901 1990 Asella

233 2002 276 2041 P
292 2018 301 2043 ε
324 2003 463 2042 Ofella
483 2016 631 2054 margo
650 2004 928 2043 Murbacensis
946 2008 1040 2043 teste
1061 2004 1198 2043 Burer
1304 2018 1329 2044 2
1357 2010 1485 2044 antea
1503 2005 1546 2042 A
1571 2005 1660 2057 (sic)
1747 2005 1899 2044 Maria-

234 2071 384 2097 narum
403 2057 465 2098 P:
511 2058 769 2097 marinarum
789 2058 873 2096 BA
1023 2065 1197 2109 praetor
1214 2058 1328 2099 AP:
1372 2060 1564 2110 proditor
1589 2059 1718 2100 Voss:
1762 2061 1902 2100 fautor

233 2113 400 2152 Scriner
622 2124 646 2162 5
676 2113 749 2162 qui
783 2114 861 2152 sub
900 2114 993 2153 eius
1029 2114 1120 2152 AB
1154 2118 1192 2153 et
1229 2127 1377 2166 margo
1408 2114 1473 2153 P:
1531 2115 1685 2165 quibus
1729 2115 1820 2154 eius
1862 2115 1906 2154 P

235 2167 439 2217 Syllanae
458 2166 501 2204 A
579 2167 653 2208 del.
673 2167 873 2207 Heinsius
889 2173 927 2207 et
943 2168 1088 2207 Haase
1195 2182 1223 2219 9
1252 2168 1407 2208 Seruili
1426 2175 1528 2219 aput
1550 2170 1614 2221 <-d
1633 2169 1688 2220 P)
1710 2170 1901 2210 Plusium

232 2221 323 2260 AP
429 2222 548 2272 Pius]
570 2222 665 2272 plus
684 2222 727 2260 A
918 2235 967 2262 10
989 2223 1226 2263 Fidentiam
1245 2223 1336 2262 ΑΡ
1440 2224 1563 2263 bellis
1589 2224 1632 2262 A
1655 2224 1728 2263 sed
1742 2238 1764 2264 s
1783 2238 1900 2263 erasa

237 2289 283 2314 11
316 2277 459 2316 Sullae
489 2277 553 2315 hic
576 2276 619 2314 A
747 2276 1042 2317 crudelitatem
1069 2277 1112 2315 A
1226 2283 1352 2317 aucta
1378 2279 1438 2317 bis
1463 2278 1506 2316 A
1537 2278 1611 2318 sed
1634 2280 1759 2318 altero
1785 2292 1901 2318 eraso

236 2357 285 2384 12
314 2357 399 2384 cxx
428 2345 471 2383 A
493 2360 503 2385 ε
533 2339 629 2386 cx—x.
663 2344 707 2383 Ρ
870 2358 919 2396 13
947 2346 1025 2385 fuit
1051 2350 1150 2398 post
1167 2359 1259 2407 exc.
1279 2346 1372 2387 add.
1400 2346 1572 2386 Cludius
1722 2361 1771 2398 14
1799 2349 1898 2398 adp.

230 2442 273 2480 A
278 2441 321 2479 P
399 2441 534 2492 haud]
552 2447 625 2481 aut
639 2448 754 2481 metu
770 2442 989 2481 desideras
1002 2443 1105 2481 tulio
1115 2405 1318 2483 eggntffisgs
1339 2456 1386 2482 se
1401 2442 1541 2493 (Tulio
1554 2444 1616 2482 Co
1634 2443 1827 2483 timuisse
1839 2443 1896 2496 P)

233 2502 490 2545 potestatem
505 2497 605 2546 ΑΡ,
627 2511 731 2548 quae
747 2497 923 2536 correxi:
964 2498 1078 2537 haud
1108 2498 1167 2536 ita
1196 2498 1464 2536 desiderasse
1495 2498 1557 2537 uti
1587 2498 1835 2538 extimuisse
1856 2512 1898 2549 p.

236 2551 399 2590 Gronov
439 2552 556 2592 Obss.
601 2552 644 2591 ii.
688 2565 770 2601 23:
816 2552 921 2590 haut
968 2553 1027 2591 ita
1070 2553 1113 2591 in
1155 2559 1269 2591 metu
1317 2551 1602 2600 desiderasse,
1636 2559 1684 2592 ut
1726 2554 1769 2592 in
1808 2553 1898 2593 otio

232 2606 420 2644 timuisse
441 2619 482 2656 p.
505 2607 724 2657 Ruhnken,
747 2610 785 2644 et
801 2606 859 2645 sic
874 2606 1054 2658 Sauppe,
1077 2607 1151 2645 sed
1173 2607 1325 2646 omisso
1353 2608 1395 2646 in
1415 2622 1425 2646 :
1458 2614 1504 2646 ut
1528 2607 1572 2645 in
1595 2614 1710 2646 metu
1730 2608 1896 2647 deside-

232 2674 350 2700 rasse
379 2661 438 2700 ita
463 2661 507 2699 in
529 2662 616 2700 otio
637 2661 826 2700 timuisse
847 2674 888 2711 p.
909 2661 1074 2700 Halm:
1109 2668 1154 2701 ut
1180 2662 1224 2700 in
1250 2668 1365 2701 metu
1392 2662 1676 2711 desiderasse,
1701 2663 1760 2701 ita
1782 2663 1898 2701 nullo

232 2728 284 2754 eo
306 2716 500 2755 timuisse
521 2715 668 2754 Nova'k
808 2726 855 2764 15
885 2716 958 2754 tali
979 2729 1064 2766 quo
1086 2717 1151 2755 uel
1167 2729 1218 2754 ac
1236 2729 1309 2768 ego
1400 2717 1579 2766 imperio
1599 2730 1749 2767 prores
1769 2716 1896 2767 (proh

230 2783 299 2808 res
330 2769 387 2822 P)
420 2771 472 2809 ad
505 2770 804 2810 uindicandam
836 2771 972 2821 (-dum
999 2770 1058 2820 P)
1088 2770 1257 2810 maximi
1289 2771 1463 2821 periculi
1499 2771 1634 2821 spolia
1664 2772 1898 2810 musierant

229 2824 327 2874 ΑΡ,
364 2838 444 2865 em.
477 2825 663 2864 Gelenius
689 2829 727 2863 et
753 2825 974 2874 Ruhnken,
1004 2825 1078 2864 sed
1106 2830 1154 2864 ut
1180 2838 1311 2875 remp.
1343 2839 1393 2864 ex
1421 2826 1580 2875 poliam
1606 2826 1792 2876 elicerent,
1819 2833 1899 2877 pro

230 2891 311 2927 quo
343 2892 438 2918 cum
466 2879 654 2919 Scrinero
686 2879 866 2930 patriam
900 2880 1063 2920 malua·
1110 2881 1164 2919 ad
1194 2880 1496 2919 uindicandum
1529 2893 1583 2920 m.
1620 2893 1658 2930 p.
1695 2881 1897 2930 populum

229 2946 268 2972 ιι.
304 2947 340 2972 e.
373 2934 559 2973 Laurent
763 2946 810 2983 17
841 2947 893 2972 eo
921 2934 1159 2974 inmodicae
1191 2934 1323 2997 (imm.
1352 2934 1411 2987 P)
1442 2935 1558 2975 crud.
1596 2934 1768 2974 licentia
1794 2934 1892 2985 ΑΡ,

227 3000 306 3027 em.
339 2988 539 3028 Cludizus
586 3001 638 3028 eo
676 2989 731 3028 ad
770 2989 796 3029 i.
838 2989 1094 3029 Burmann.
1128 2989 1232 3039 sort.
1272 2989 1315 3028 in
1354 3003 1405 3029 eo
1441 2989 1470 3030 i.
1500 3002 1535 3030 c.
1573 2988 1745 3028 licentia
1782 3002 1822 3030 ιι.
1855 3002 1892 3030 e.

231 3043 280 3081 18
299 3049 451 3093 prostr.
476 3043 518 3081 A

1031 3138 1086 3190 46
