2014 3392
695 219 954 267 VELLEI
993 218 1393 267 PATERCVLI

219 357 539 408 memorabile
563 358 657 408 sub
679 357 818 407 initia
841 357 1198 422 stipendiorum
1214 375 1438 408 meorum
1457 357 1654 407 tribuno
1674 357 1884 407 militum

173 468 195 507 3
219 447 341 496 mihi
364 446 523 496 uisere
556 446 788 510 contigit:
825 463 975 510 quem
1008 445 1210 495 militiae
1244 447 1451 509 gradum
1483 454 1598 494 ante
1631 445 1725 493 sub
1747 453 1884 508 patre

218 538 319 588 tuo,
349 530 420 577 M,
447 527 626 588 Vinici,
653 537 702 577 et
727 530 778 576 P.
808 527 927 576 Silio
950 527 1231 590 auspicatus
1255 526 1307 575 in
1331 526 1543 575 Thracia
1568 525 1886 576 Macedonia-

218 627 330 674 que,
371 627 487 660 mox
526 609 717 659 Achaia
756 609 975 673 Asiaque
1015 619 1065 658 et
1101 608 1334 659 omnibus
1371 610 1436 658 ad
1474 608 1730 658 Orientem
1767 607 1885 657 uisis

217 691 484 756 prouinciis
521 700 570 741 et
605 708 689 740 ore
724 699 874 754 atque
909 699 1119 753 utroque
1154 689 1300 738 maris
1331 689 1525 738 Pontici
1560 691 1723 749 latere,
1750 690 1885 738 haud
1911 700 1932 738 5

217 774 489 824 iniucunda
512 782 585 822 tot
610 790 785 832 rerum,
807 774 1045 832 locorum,
1066 771 1301 835 gentium,
1322 771 1519 821 urbium
1544 771 1885 821 recordatione

217 842 449 920 perfruor.
523 855 654 919 prior
686 856 894 904 Parthus
926 857 1061 918 apud
1087 854 1268 904 Gaium
1301 854 1352 902 in
1384 863 1551 903 nostra
1583 853 1700 917 ripa,
1727 863 1888 917 poste-

218 939 315 989 rior
338 938 420 987 hic
444 939 578 1001 apud
602 954 767 1000 regem
791 936 843 985 in
867 936 1035 986 hostili
1058 939 1283 1000 epulatus
1309 946 1395 986 est.

102 1034 199 1071 102
289 1022 406 1083 Quo
442 1029 664 1084 tempore
708 1022 778 1068 M.
812 1020 954 1080 Lolli,
995 1037 1145 1084 quem
1195 1020 1349 1070 ueluti
1402 1022 1764 1070 moderatorem
1820 1018 1888 1067 iu-

218 1112 398 1152 uentae
449 1101 536 1150 filii
594 1101 670 1151 sui
728 1105 981 1166 Augustus
1044 1119 1152 1151 esse
1214 1103 1452 1161 uoluerat,
1518 1100 1773 1164 perfidiam
1837 1109 1886 1149 et
1913 1126 1961 1154 10

218 1187 366 1248 plena
402 1184 601 1234 subdoli
636 1201 695 1233 ae
730 1184 915 1234 uersuti
950 1184 1103 1233 animi
1145 1183 1362 1244 consilia,
1406 1201 1493 1247 per
1546 1185 1782 1232 Parthum
1818 1182 1887 1231 in-

219 1265 383 1315 dicata
430 1265 628 1316 Caesari
682 1267 814 1314 fama
868 1265 1117 1329 uulgauit:
1172 1265 1311 1314 cuius
1361 1283 1493 1314 mors
1535 1265 1662 1314 intra
1701 1282 1887 1329 paucos

220 1346 326 1396 dies
387 1346 587 1396 fortuita
637 1364 701 1395 an
765 1346 1043 1396 uoluntaria
1092 1346 1236 1395 fuerit
1296 1346 1481 1410 ignoro.
1591 1349 1679 1397 sed
1738 1364 1887 1410 quam

221 1429 356 1476 hunc
401 1427 672 1477 decessisse
723 1427 889 1477 laetati
937 1427 1179 1488 homines,
1229 1437 1330 1476 tam
1376 1430 1526 1492 paulo
1572 1438 1685 1492 post
1725 1428 1890 1478 obisse

223 1511 555 1562 Censorinum
606 1511 658 1559 in
715 1511 892 1561 iisdem
946 1511 1214 1574 prouinciis
1271 1510 1482 1574 grauiter
1538 1511 1648 1560 tulit
1701 1511 1887 1572 ciuitaS‚
1916 1534 1963 1575 15

175 1619 194 1647 2
222 1591 383 1642 uirum
417 1593 729 1643 demerendis
765 1593 1052 1643 hominibus
1083 1593 1318 1657 genitum.
1391 1593 1679 1643 Armeniam
1708 1593 1891 1644 deinde

230 1675 388 1725 Gaius
422 1674 667 1738 ingressus
703 1675 861 1739 prima
894 1686 1031 1739 parte
1066 1676 1292 1726 introitus
1324 1693 1556 1740 prospere
1587 1694 1685 1725 rem
1714 1674 1894 1739 gessit3

225 1772 342 1804 mox
387 1755 438 1804 in
486 1757 751 1821 colloquio,
801 1757 881 1807 cui
927 1775 980 1807 se
1026 1767 1210 1807 temere
1252 1752 1538 1818 crediderat,
1588 1757 1717 1807 circa
1757 1760 1895 1806 Arta-

225 1854 391 1901 geram
445 1838 656 1901 grauiter
705 1856 735 1888 a
789 1841 1023 1902 quodam,
1075 1838 1278 1888 nomine
1333 1841 1533 1899 Adduo,
1591 1841 1890 1898 uulneratus,

226 1937 285 1970 ex
321 1937 382 1969 eo
423 1929 478 1968 ut
519 1937 696 1984 eorpus
735 1919 898 1969 minus
940 1920 1118 1980 habile,
1157 1920 1224 1969 ita
1260 1920 1481 1968 animum
1524 1919 1687 1969 minus
1722 1919 1893 1985 utilem
1919 1911 1991 1972 20¹

180 2026 202 2065 3
227 2001 296 2050 rei
331 2001 560 2065 publicae
597 2002 780 2051 habere
817 2001 991 2065 coepit.
1065 2019 1159 2051 nec
1200 2001 1356 2052 defuit
1394 2001 1704 2051 conuersatio
1731 2000 1896 2050 -homi-

227 2100 349 2130 num
385 2081 504 2131 uitia
539 2082 643 2131 eius
672 2082 1016 2132 adsentatione
1044 2083 1282 2132 alentium
1309 2083 1512 2149 (etenim
1542 2100 1736 2147 semper
1767 2100 1897 2147 mag-

227 2180 322 2213 nae
362 2165 588 2213 fortunae
636 2181 803 2214 comes
841 2167 982 2214 adest
1021 2164 1277 2230 adulatio),
1317 2182 1404 2229 per
1441 2182 1568 2229 quae
1610 2154 1671 2214 eo
1718 2167 1896 2214 ductus

289 2308 307 2333 1
340 2294 382 2333 in
402 2294 445 2332 A
479 2294 645 2333 inducta
664 2299 723 2333 est
734 2296 876 2345 prima
898 2296 1027 2334 littera
1046 2309 1086 2334 m
1110 2296 1142 2347 (2
1164 2297 1227 2343 in)
1250 2296 1440 2335 uocabuli
1454 2309 1646 2335 meorum
1780 2309 1805 2346 3
1836 2296 1891 2337 M.

228 2348 367 2388 Vinici
385 2349 429 2387 A
435 2349 484 2399 P,
508 2349 581 2387 sed
594 2349 734 2388 Bure-r
747 2349 963 2389 adnotauit
979 2350 1032 2388 M
1032 2351 1287 2389 urbacensem
1312 2351 1369 2389 sic
1391 2351 1532 2389 habere
1551 2355 1598 2389 ut
1608 2351 1749 2402 potius
1768 2352 1895 2402 legen-

231 2403 335 2442 dum
356 2404 600 2442 existimaret
623 2404 682 2443 M.
701 2404 868 2444 Vinicio
1006 2419 1032 2454 4
1061 2406 1163 2444 uisis
1181 2406 1272 2444 ΑΡ
1285 2421 1294 2445 :
1327 2406 1338 2428 ‘
1353 2406 1457 2444 alias
1486 2419 1587 2444 usus
1601 2404 1611 2422 '
1640 2406 1896 2446 Rhenanus:

219 2458 400 2508 fortasse
418 2471 582 2510 uersus,
608 2463 654 2497 ut
664 2458 796 2497 Bothe
806 2460 903 2499 coni.
1020 2473 1042 2510 7
1065 2460 1270 2499 GaiumA
1292 2475 1302 2500 z
1331 2460 1534 2499 CaiumP
1637 2473 1665 2511 9
1695 2460 1902 2499 LolliAP

232 2513 433 2552 iuuaentae
456 2513 500 2551 A
618 2526 668 2552 10
697 2515 878 2564 perfidia
896 2513 956 2564 A,
981 2515 1095 2564 quod
1109 2516 1280 2554 correxi:
1309 2515 1473 2565 perfida
1500 2514 1544 2553 P
1652 2528 1701 2553 12
1722 2516 1898 2554 Caesari

232 2568 344 2606 fama
372 2581 410 2606 u.
441 2568 634 2618 Lipsius:
664 2568 861 2607 Caesaris
880 2570 962 2607 iam
981 2570 1199 2619 auulgauit
1222 2570 1320 2609 ΑΡ.
1378 2569 1488 2608 Ptin.
1510 2569 1570 2608 H.
1602 2568 1656 2608 N.
1674 2584 1714 2620 9.
1732 2571 1809 2608 118
1830 2571 1896 2609 hic

233 2627 298 2660 est
331 2622 575 2672 rapinarum
611 2624 760 2670 exitus,
795 2624 877 2662 hoc
906 2624 982 2663 fuit
1019 2638 1150 2674 quare
1191 2625 1248 2664 M.
1291 2625 1452 2664 Lollius
1489 2624 1712 2663 infamatus
1750 2637 1898 2673 regum

232 2677 477 2716 muneribus
499 2677 541 2715 in
563 2683 652 2716 toto
674 2678 853 2717 Oriente
874 2679 1100 2718 interdicta
1119 2679 1302 2718 amicitia
1315 2694 1339 2718 a
1355 2680 1400 2719 C.
1417 2679 1600 2718 Caesare
1612 2678 1796 2729 Augusti
1811 2680 1898 2718 filio

234 2744 448 2770 uenenum
468 2732 634 2771 biberet
747 2746 797 2782 13
826 2733 954 2771 suerit
990 2735 1156 2784 dignior
1184 2734 1257 2774 A:
1290 2735 1416 2773 suerit
1448 2735 1599 2783 ignoro
1632 2733 1698 2772 P:
1719 2734 1902 2784 fortasse

234 2785 410 2825 fortuita
430 2800 484 2825 an
504 2787 744 2826 uoluntaria
763 2788 888 2827 fuerit
901 2788 1127 2838 indignior,
1148 2790 1294 2828 nescio
1408 2801 1458 2838 14
1486 2788 1696 2827 obiisseA
1717 2803 1724 2827 :
1755 2790 1899 2828 odisse

237 2841 458 2891 marg-‚At
488 2842 630 2880 obisse
660 2841 703 2880 P
822 2855 870 2892 17
902 2843 1034 2882 Gaius
1063 2843 1156 2883 add.
1189 2844 1355 2882 Krause
1474 2856 1564 2881 rem
1584 2842 1675 2881 add.
1699 2843 1900 2882 Heinsius

240 2897 290 2933 18
320 2896 545 2945 conloquio
570 2896 780 2936 Gelenius:
812 2898 1082 2947 conloquium
1103 2899 1214 2947 (coll.
1238 2898 1302 2948 A)
1337 2897 1428 2936 ΑΡ
1563 2910 1658 2936 cum
1695 2904 1898 2948 suprascr.

237 2950 303 2987 cui
321 2949 364 2988 A
515 2951 727 3000 Artagera
752 2951 941 2991 Muretus
963 2966 1012 2991 ex
1032 2953 1202 2992 Zonara
1216 2959 1263 3004 p.
1288 2964 1369 3004 539
1387 2952 1458 2991 D:
1495 2952 1746 3002 Artageram
1767 2951 1902 2991 uindi-

236 3004 345 3042 cauit
369 3004 552 3044 Thomas
562 3011 607 3056 p.
633 3018 682 3044 12
811 3019 863 3056 23
893 3019 1036 3047 comes
1056 3012 1122 3046 est
1138 3006 1184 3046 A

1037 3137 1113 3165 112
