2014 3444
829 230 1372 280 PROLEGOMENA

263 368 446 432 prodiit
506 367 737 418 Rhenani
796 367 1002 434 editio)3
1070 368 1255 418 idcirco
1321 369 1638 417 statuendum
1697 367 1786 416 erit
1849 377 1934 416 aut

264 457 596 506 Amerbachio
651 459 951 506 Rhenanum
1020 474 1200 506 munus
1254 456 1549 519 imposuisse
1620 455 1934 505 describendi

262 545 463 606 codicis,
507 555 591 594 aut
634 547 882 595 Rhenano
923 544 1325 604 Amerbachium,
1376 562 1478 593 non
1518 544 1611 593 sibi
1657 543 1836 607 potius,
1880 544 1932 593 id

261 635 581 697 apographon
624 650 724 696 quo
771 634 936 682 adhuc
982 633 1178 693 utimur,
1219 632 1503 681 confecisse.
1543 691 1545 694 y
1579 632 1716 694 Quid
1763 631 1934 680 enim?

261 721 359 770 iam
395 739 528 771 anno
559 736 681 785 1515
714 721 920 770 inuento
952 721 1232 770 Murbachii
1269 720 1456 781 codice,
1489 737 1657 769 nonne
1693 719 1932 768 continuo

264 811 551 870 Rhenanus,
579 827 742 873 neque
779 819 892 873 post
917 812 1195 873 complures
1221 811 1425 858 demum
1450 826 1659 868 menses,
1678 808 1730 857 id
1756 807 1932 857 descri-

261 899 484 948 bendum
522 899 586 948 ab
624 899 786 948 amico
820 909 1073 948 curaturus
1110 901 1248 948 erat?
1307 898 1433 960 Quis
1472 907 1638 947 autem
1686 899 1931 961 spondeat

263 988 509 1036 Rhenano
552 1004 611 1035 ex
656 986 827 1036 amicis
863 988 1233 1036 adulescentem
1274 985 1588 1050 potissimum
1623 985 1867 1049 placuisse
1902 1003 1932 1034 a

260 1091 360 1137 quo
385 1074 437 1124 id
462 1093 643 1124 munus
667 1078 891 1139 peteret?

327 1164 426 1212 Sed
451 1173 557 1212 esto
581 1183 589 1211 :
627 1164 757 1226 finge
782 1162 1185 1222 Amerbachium,
1213 1171 1268 1211 ut
1302 1171 1420 1225 pote
1456 1162 1730 1211 doctiorem
1757 1161 1930 1211 ceteris

259 1269 373 1300 cum
394 1250 445 1300 id
470 1251 515 1300 ei
539 1269 721 1300 munus
746 1253 962 1315 legatum
978 1260 1107 1300 esset
1125 1251 1189 1299 ab
1208 1250 1384 1310 amico,
1403 1250 1613 1299 libenter
1637 1250 1927 1313 suscepisse,

259 1339 467 1403 negotiis
487 1349 654 1389 tamen
679 1342 760 1389 uel
785 1339 959 1389 studiis
984 1339 1296 1402 impeditum,
1319 1356 1422 1388 non
1447 1338 1612 1388 statim
1636 1348 1749 1401 post
1773 1355 1930 1401 reper-

259 1438 365 1477 tum
391 1428 631 1488 codicem,
660 1430 748 1478 sed
774 1446 857 1477 sex
882 1427 1098 1491 denique
1122 1429 1203 1476 uel
1229 1437 1418 1490 septem
1444 1427 1625 1476 exactis
1658 1426 1928 1487 mensibus,

258 1516 364 1566 siue
401 1517 564 1580 ipsum
610 1517 994 1566 Murbacensem
1031 1516 1136 1565 siue
1172 1517 1420 1578 exemplar
1455 1515 1560 1564 eius
1597 1514 1926 1578 descripsisse.

260 1605 424 1654 Etiam
483 1607 786 1654 concedatur
843 1622 934 1654 nos
981 1604 1133 1653 hodie
1184 1604 1235 1652 in
1291 1604 1520 1652 manibus
1567 1604 1751 1653 habere
1805 1603 1929 1652 illud

257 1694 420 1757 ipsum
458 1695 779 1757 apographon
828 1694 965 1757 quod
1003 1692 1235 1742 Rhenani
1280 1692 1416 1741 iussu
1459 1694 1757 1752 confectum,
1798 1694 1930 1741 Rhe-

258 1800 416 1832 nanus
477 1782 720 1846 iniquiore
781 1782 966 1832 iudicio
1027 1781 1348 1831 damnauerit.
1460 1780 1721 1830 Idcircone
1782 1780 1928 1830 nobis

256 1871 442 1921 iudicio
467 1871 572 1920 eius
605 1870 1019 1920 subscribendum
1053 1870 1182 1919 erit?
1250 1873 1332 1918 An
1368 1886 1471 1918 non
1503 1868 1632 1918 illius
1657 1869 1927 1932 apographi

256 1977 314 2010 ea
338 1970 411 2010 est
437 1960 626 2024 species
651 1961 718 2009 ob
743 1977 894 2024 quam
921 1961 1194 2009 Rhenanus
1219 1958 1394 2008 merito
1419 1959 1740 2008 oblocuturus
1765 1957 1928 2007 amico

255 2049 436 2098 fuerit?
495 2051 641 2109 Nam,
679 2058 734 2097 ut
770 2048 883 2109 dixi,
923 2048 963 2097 si
1005 2047 1115 2111 quis
1156 2047 1209 2097 id
1255 2047 1469 2111 primum
1516 2046 1794 2110 inspexerit,
1833 2046 1928 2096 dis-

255 2137 520 2186 tinctiones
567 2136 822 2186 mirabitur
869 2135 1298 2200 neglegentissime
1348 2135 1548 2199 positas,
1599 2135 1752 2183 uerba
1798 2136 1926 2183 male

255 2226 428 2286 diuisa,
456 2225 839 2275 inconstantiam
876 2225 1081 2274 nomina
1115 2226 1339 2273 locorum
1374 2223 1736 2286 hominumque
1772 2224 1926 2272 modo

257 2314 446 2377 magnis
485 2315 639 2363 modo
674 2313 838 2377 paruis
873 2312 1044 2362 litteris
1074 2312 1335 2372 scribendi,
1363 2313 1519 2360 multa
1542 2311 1728 2359 incerta
1758 2310 1927 2360 relicta

256 2419 475 2465 quonam
508 2403 662 2451 modo
691 2411 823 2450 recte
852 2403 1140 2464 legerentur,
1176 2402 1332 2449 multa
1363 2401 1526 2449 deleta
1557 2408 1606 2448 et
1629 2399 1681 2447 in
1706 2399 1926 2462 margine

254 2500 367 2553 post
392 2500 623 2550 correcta,
659 2489 876 2553 denique
912 2488 1223 2552 chirographi
1258 2506 1413 2552 genus
1443 2489 1664 2537 deforme
1689 2505 1782 2536 nec
1807 2505 1923 2536 cum

254 2580 512 2629 codicibus
537 2597 630 2628 nec
662 2596 777 2628 cum
805 2578 940 2627 libris
976 2577 1239 2641 impressis,
1267 2579 1436 2641 quales
1461 2594 1522 2626 eo
1547 2578 1745 2625 saeculo
1770 2586 1921 2637 erant,

254 2670 658 2731 comparandum.
745 2669 812 2716 At
863 2666 998 2715 idem
1050 2667 1385 2729 apographon,
1441 2664 1481 2713 si
1529 2664 1762 2713 attentius
1810 2682 1926 2714 con-

253 2756 505 2816 sideretur,
533 2774 636 2805 non
660 2754 899 2804 incuriam
933 2754 1271 2814 describentis,
1307 2755 1396 2802 sed
1425 2752 1729 2816 diligentiam
1755 2753 1923 2802 omnia

253 2845 527 2905 scrutantis,
563 2844 685 2893 nihil
723 2845 787 2893 de
829 2860 919 2892 suo
957 2841 1311 2905 interpolantis,
1346 2841 1452 2904 ipsa
1487 2840 1607 2889 uitia
1642 2841 1746 2890 eius
1785 2843 1922 2904 quod

253 2933 556 2996 exprimebat
574 2931 996 2996 repraesentantis,
1018 2931 1331 2980 testificatum
1356 2929 1646 2978 inuenietur.
1700 2932 1817 2978 Hoc
1837 2929 1921 2992 qui

253 3031 478 3084 praestet,
500 3021 605 3084 ipse
632 3023 905 3070 Rhenanus
931 3020 1020 3068 erit
1040 3039 1048 3068 :
1075 3037 1191 3068 nam
1216 3036 1275 3068 ex
1294 3018 1397 3067 eius
1423 3017 1641 3067 editione
1666 3034 1780 3066 cum
1805 3035 1919 3081 apo-

1055 3109 1127 3148 xvi
