2014 3392
696 225 955 272 VELLEI
992 225 1392 275 PATERCVLI

216 362 477 412 orientium
501 362 738 412 iuuenum
764 363 979 412 obstaret
1014 362 1177 423 initiis,
1204 362 1510 412 dissimulata
1533 379 1681 412 causa
1705 362 1879 412 consili

215 443 304 504 sui,
345 453 679 493 commeatum
720 445 784 492 ab
826 461 997 493 socero
1038 453 1187 507 atque
1234 446 1412 493 eodem
1459 443 1633 493 uitrico
1679 443 1879 508 adquie-

169 541 192 580 3
215 525 445 574 scendLa
469 525 840 574 continuatione
868 526 1094 575 laborum
1128 524 1280 588 petiit.
1354 524 1463 588 quis
1492 524 1635 573 fuerit
1667 542 1728 574 eo
1760 534 1880 573 tem-

215 623 334 669 pore
360 606 570 656 ciuitatis
595 606 806 667 habitus,
835 606 920 670 qui
944 606 1247 669 singulorum
1272 605 1437 666 animi,
1456 623 1583 669 quae
1608 605 1880 668 digredien-

216 687 339 736 tium
375 705 405 736 a
439 697 578 737 tanto
614 688 720 737 uiro
756 687 980 737 omnium
1016 687 1258 747 lacrimae,
1286 704 1436 751 quam
1465 703 1623 749 paene
1652 686 1697 735 ei
1725 685 1880 749 patria
1903 703 1926 744 5

168 784 194 821 4
216 786 418 817 manum
455 769 687 829 iniecerit,
715 769 844 818 iusto
876 786 1128 818 seruemus
1161 768 1325 832 operi:
1362 767 1485 817 illud
1516 767 1662 816 etiam
1696 766 1747 815 in
1783 768 1881 816 hoc

215 859 494 899 transcursu
519 850 798 899 dicendum.
813 860 900 910 est,
927 850 995 899 ita
1019 859 1208 913 septem
1232 867 1390 898 annos
1416 848 1587 898 Rhodi
1619 857 1878 908 moratum,

216 940 269 978 ut
294 947 483 990 omnes,
511 931 596 994 qui
619 948 709 994 pro
734 931 1021 980 consulibus
1046 930 1291 995 legatique
1319 930 1371 979 in
1403 929 1749 979 transmarinas
1773 945 1881 992 pro-

216 1011 331 1060 fecti
354 1011 648 1074 prouincias,
676 1012 871 1062 uisendi
903 1012 1007 1061 eius
1042 1011 1194 1075 gratia
1225 1020 1479 1075 ta'mquam
1514 1013 1579 1060 ad
1606 1010 1880 1074 principem

216 1093 572 1143 conuenientes
611 1111 805 1158 semper
840 1094 1047 1158 priuato,
1089 1094 1130 1143 si
1166 1094 1249 1143 illa
1286 1094 1514 1143 maiestas
1551 1093 1742 1156 priuata
1778 1109 1882 1140 um·
1908 1117 1958 1145 10

217 1193 366 1239 quam
391 1176 496 1236 fuit,
523 1178 679 1225 fasces
709 1193 824 1226 suos
858 1175 1191 1225 summiserint
1219 1175 1434 1239 fassique
1466 1175 1563 1224 sint
1596 1173 1752 1223 otium
1777 1173 1882 1222 eius

215 1257 502 1307 honoratius
527 1257 734 1321 imperio
758 1274 861 1307 suo.

101 1341 199 1377 100
288 1339 450 1388 Sensit
496 1348 731 1388 terrarum
778 1337 910 1388 orbis
957 1337 1229 1401 digressum
1283 1354 1313 1386 a
1359 1335 1584 1386 custodia
1631 1338 1884 1385 Neronem

218 1421 380 1470 urbis:
440 1439 556 1469 nam
611 1430 659 1470 et
714 1422 923 1470 Parthus
970 1419 1250 1469 desciscens
1297 1436 1327 1468 a
1373 1418 1607 1468 societate
1654 1420 1885 1466 Romana

215 1503 395 1553 adiecit
441 1503 707 1552 Armeniae
754 1520 957 1552 manum
1005 1512 1053 1552 et
1096 1501 1362 1552 Germania
1401 1500 1584 1550 auersis
1626 1498 1883 1550 domitoris
1910 1514 1957 1555 15

173 1608 191 1633 2
215 1585 290 1634 sui
315 1584 470 1634 oculis
495 1583 762 1634 rebellauit.
835 1593 885 1633 at
909 1583 959 1632 in
985 1584 1106 1633 urbe
1131 1601 1191 1633 eo
1223 1583 1332 1647 ipso
1360 1600 1508 1643 anno,
1536 1598 1636 1646 quo
1666 1579 1884 1644 magnifi-

215 1665 508 1715 centissimis
549 1664 823 1728 gladiatorii
864 1664 1080 1713 muneris
1127 1663 1550 1727 naumachiaeque
1592 1661 1884 1726 spectaculis

215 1746 360 1795 diuus
407 1749 659 1809 Augustus
705 1745 888 1794 abhinc
934 1763 1092 1795 annos
1139 1761 1253 1794 xxx
1300 1762 1352 1794 se
1399 1754 1447 1794 et
1486 1746 1631 1794 Gallo
1671 1742 1883 1794 Caninio

216 1827 517 1887 consulibus,
536 1826 767 1876 dedicato
794 1826 967 1876 Martis
993 1828 1180 1890 templo
1198 1826 1391 1876 animos
1417 1828 1688 1890 oculosque
1711 1825 1884 1889 populi

218 1908 436 1958 Romani
471 1911 757 1972 repleuerat,
789 1909 937 1957 foeda
971 1905 1062 1974 [in]
1094 1907 1230 1957 dictu
1266 1907 1604 1971 memoriaque
1639 1909 1885 1956 horrenda
1911 1927 1960 1954 20
2008 1934 2009 1957 ι

174 2006 196 2044 3
217 1989 268 2038 in
304 1989 456 2053 ipsius
493 1991 647 2039 domo
683 1998 950 2051 tempestas
986 1988 1157 2052 erupit.
1232 1988 1416 2052 quippe
1458 1988 1558 2038 filia
1598 1988 1702 2038 eius
1742 1989 1883 2049 Iulia,

216 2087 303 2134 per
327 2070 495 2120 omnia
519 2070 642 2119 tanti
665 2069 880 2133 parentis
912 2087 971 2118 ac
1002 2069 1093 2118 uiri
1118 2069 1374 2130 inmemor,
1402 2069 1538 2130 nihil,
1566 2071 1703 2134 quod
1726 2072 1886 2120 facere

217 2162 301 2202 aut
341 2153 444 2216 pati
485 2153 689 2216 turpiter
728 2162 897 2215 posset
937 2151 1135 2212 femina,
1175 2151 1363 2200 luxuria
1400 2151 1607 2201 libidine
1647 2152 1886 2201 infectum

217 2233 412 2298 reliquit
451 2233 944 2297 magnitudinemque
982 2235 1207 2282 fortunae
1249 2250 1366 2282 suae
1406 2233 1649 2296 peccandi
1690 2233 1888 2283 licentia

1990 510 1994 517 ⁴
1989 447 1997 458 ‘
1996 399 1998 402 v
2001 380 2004 387 .
1979 0 2004 371 „ss-sz-'x-'mssm'z'sstssi‘fflffl

260 2379 278 2404 1
298 2365 560 2404 consiliiAP
629 2377 654 2403 2
675 2364 903 2404 uictricoA
981 2379 1006 2414 4
1026 2378 1135 2415 quae
1149 2365 1477 2415 digredientium
1492 2378 1573 2405 om.
1591 2366 1634 2404 in
1649 2369 1770 2416 textu,
1790 2364 1883 2405 add.

220 2421 260 2459 in
279 2433 411 2471 marg.
431 2420 474 2458 A
563 2431 588 2469 5
620 2433 644 2458 a
671 2425 786 2459 tanto
806 2419 872 2458 P:
909 2422 948 2459 &
968 2426 1070 2458 anto
1088 2419 1131 2458 A
1210 2432 1321 2470 pene
1339 2419 1382 2458 A
1498 2432 1520 2469 7
1550 2425 1756 2459 moratum
1775 2419 1859 2458 BA
1878 2434 1886 2461 :

220 2523 428 2556 moratum
441 2516 532 2556 *est
543 2517 587 2555 P
692 2518 718 2555 8
738 2485 953 2566 legatisque
965 2516 1008 2555 A
1032 2516 1118 2566 (sic)
1175 2521 1275 2555 sunt
1288 2515 1380 2556 add.
1397 2517 1534 2555 Halm
1628 2530 1654 2566 9
1675 2522 1888 2566 tamquam

220 2573 274 2611 ad
287 2573 523 2622 principem
534 2572 693 2621 scripSi:
716 2572 769 2609 ad
786 2584 911 2620 quem
925 2570 1016 2609 ΑΡ
1106 2584 1157 2610 10
1177 2572 1344 2621 priuato
1365 2571 1402 2609 si
1422 2570 1493 2609 illa
1511 2570 1654 2610 Aldus
1670 2585 1679 2609 :
1700 2572 1889 2622 priuatos

223 2627 293 2665 illa
304 2626 395 2664 AP
475 2640 674 2676 umquam
684 2626 846 2665 Aldus:
869 2638 1099 2675 numquam
1110 2625 1201 2664 ΑΡ
1310 2639 1359 2663 12
1372 2625 1729 2676 posthonoratius
1744 2625 1892 2664 Nova'k

223 2681 395 2720 addebat
408 2693 504 2720 esse
618 2683 669 2719 16
687 2680 1116 2730 magnificentissimis
1127 2680 1267 2731 Caper,
1279 2681 1326 2731 cs.
1338 2682 1403 2730 56.
1421 2692 1438 2718 1
1453 2680 1890 2737 :fflgnificentissimi

222 2748 311 2788 ΑΡ
393 2750 443 2787 18
463 2748 606 2800 diuus]
625 2749 675 2789 D.
690 2748 782 2787 ΑΡ
886 2761 975 2787 xxx
994 2748 1037 2786 A
1059 2762 1069 2787 ι
1098 2761 1199 2788 xxx.
1215 2748 1259 2786 P
1385 2761 1436 2798 19
1456 2748 1622 2788 COSA
1640 2762 1649 2788 :
1671 2748 1830 2789 COSS.
1852 2748 1897 2787 P

223 2804 365 2842 animo
383 2803 427 2842 A
571 2817 624 2843 20
643 2803 769 2843 foeda
785 2804 827 2842 in
849 2803 963 2842 dictu
978 2803 1039 2851 A,
1055 2803 1128 2842 sed
1135 2824 1162 2833 .-
1175 2802 1338 2842 inducto
1355 2816 1366 2842 z
1395 2804 1520 2842 foeda
1541 2804 1652 2842 dictu
1671 2803 1715 2841 P
1839 2815 1887 2841 21

225 2859 273 2896 In
291 2858 381 2905 del.‚
407 2858 497 2897 dein
517 2865 719 2909 suprascr.
738 2859 781 2896 in
800 2858 843 2896 A
867 2859 907 2896 si
927 2862 1021 2896 recte
1040 2858 1322 2909 interpretatus
1341 2871 1439 2896 sum
1592 2870 1644 2895 22
1675 2857 1786 2898 imm.
1806 2857 1896 2896 ΑΡ

224 2925 276 2962 23
305 2913 434 2951 libide
465 2912 551 2963 del„
580 2913 670 2951 dein
698 2919 899 2963 suprascr.
931 2912 1106 2951 libidine
1131 2912 1202 2952 A:
1233 2912 1462 2952 libidineue
1484 2912 1636 2961 Halm,
1666 2912 1894 2964 refragante

223 2966 370 3006 Nova'k
389 2973 437 3017 p.
466 2967 533 3014 68,
565 2968 640 3018 qui
659 2968 855 3018 praetulit
884 2967 1144 3007 Orellz'anum
1171 2979 1220 3006 ac
1240 2967 1429 3007 libidine.
1515 2967 1678 3018 Rzguez
1706 2967 1893 3006 seruauit

226 3021 462 3073 asyndeton,
486 3034 607 3073 quem
627 3035 774 3073 sequor
899 3034 951 3070 24
981 3022 1163 3072 pecandi
1181 3021 1225 3059 A

1023 3138 1101 3169 110
