2014 3392
691 212 950 259 VELLEI
988 180 1388 263 PATERCVL'I

214 348 701 412 magnificentissimo
738 368 941 400 munere
976 351 1237 401 aedilitatis
1285 353 1419 402 edito
1456 353 1667 403 decessit
1707 356 1876 404 admo-

215 436 335 484 dum
360 434 567 495 iuuenis,
595 452 727 495 sane,
755 445 808 484 ut
832 435 983 496 aiunt,
1011 436 1334 499 ingenuarum
1359 436 1595 485 uirtutum
1620 440 1876 503 laetusque

170 532 188 557 2
213 517 366 566 animi
380 526 439 571 ‚et
463 517 628 580 ingeni
652 519 988 580 fortunaeque,
1015 518 1067 566 in
1092 535 1241 581 quam
1266 519 1499 579 alebatur,
1527 537 1692 582 capax.
1764 531 1877 584 post

215 598 354 647 cuius
379 598 571 647 obitum
597 598 827 661 Agrippa,
855 599 940 662 qui
973 600 1065 648 sub
1099 600 1262 662 specie
1292 600 1672 650 ministeriorum
1704 601 1880 664 princi·
1996 656 1999 658 ,

214 681 400 744 palium
441 682 689 743 profectus
731 680 781 727 in
823 679 1008 740 Asiam,
1049 689 1103 729 ut
1143 683 1274 729 fama
1320 681 1548 745 loquitur,
1593 682 1659 731 ob
1706 682 1877 731 tacitas
1904 706 1923 744 5
1986 703 1996 748 τ,

216 779 330 811 cum
363 763 600 810 Marcello
630 761 927 810 offensiones
962 762 1206 824 praesenti
1240 779 1292 811 se
1321 763 1619 812 subduxerat
1651 763 1875 826 tempori,

215 862 438 894 reuersus
475 843 591 892 inde
627 843 778 891 filiam
812 843 1034 893 Caesaris
1070 844 1262 904 Iuliam,
1290 862 1439 908 quam
1475 845 1527 893 in
1563 845 1877 894 matrimonio

218 927 482 974 Marcellus
538 925 788 984 habuerat,
839 925 976 973 duxit
1027 942 1243 986 uxorem,
1293 927 1527 975 feminam
1575 945 1739 991 neque
1785 927 1879 977 sibi

216 1025 380 1071 neque
415 1007 484 1056 rei
519 1006 747 1069 publicae
783 1006 936 1055 felicis
972 1006 1108 1055 uteri.

217 1173 562 1238 praediximus,
595 1171 750 1231 Liuia,
789 1171 938 1220 Drusi
975 1171 1237 1222 Claudiani
1272 1171 1384 1231 filia,
1420 1173 1764 1235 despondente
1800 1173 1875 1221 Ti.

173 1277 192 1304 2
219 1258 433 1315 Nerone,
462 1254 541 1303 cui
576 1262 691 1302 ante
727 1262 882 1316 nupta
915 1254 1085 1312 fuerat,
1114 1253 1312 1303 Caesari
1344 1262 1589 1316 nupserat,
1616 1253 1880 1303 innutritus

217 1336 502 1386 caelestium
534 1343 908 1398 praeceptorum
945 1334 1229 1397 disciplinis,
1265 1334 1457 1384 iuuenis
1489 1352 1680 1398 genere,
1707 1338 1877 1397 forma,

217 1417 510 1467 celsitudine
557 1415 788 1479 corporis,
838 1415 1038 1478 optimis
1085 1416 1264 1474 studiis⁴
1314 1416 1628 1480 maximoque
1682 1417 1881 1481 ingenio

167 1515 189 1554 3
217 1499 634 1558 instructissimus,
676 1497 761 1562 qui
801 1497 1024 1560 protinus
1061 1506 1273 1560 quantus
1315 1506 1402 1557 est,
1441 1498 1623 1561 sperari
1656 1507 1882 1561 potuerat
1911 1488 2011 1555 153

217 1582 427 1645 uisuque
485 1583 777 1644 praetulerat
834 1579 1122 1643 principem,
1171 1588 1402 1642 quaestor
1454 1579 1881 1629 undeuicesimum

218 1680 406 1712 annum
434 1679 584 1726 agens
618 1678 872 1725 capessere
904 1660 1068 1724 coepit
1099 1678 1203 1709 rem
1235 1660 1486 1723 publicam
1519 1660 1884 1725 maximamque

219 1746 557 1795 difficultatem
581 1761 810 1793 annonae
833 1761 892 1792 ac
920 1743 989 1792 rei
1012 1742 1356 1792 frumentariae
1380 1743 1599 1806 inopiam
1623 1743 1691 1791 ita
1716 1743 1885 1793 Ostiae

218 1836 368 1890 atque
408 1826 460 1875 in
501 1826 623 1875 urbe
661 1827 898 1874 mandatu
940 1824 1099 1873 uitrici
1146 1825 1428 1873 moderatus
1471 1834 1558 1885 est,
1598 1834 1652 1873 ut
1692 1841 1779 1887 per
1816 1824 1882 1884 id,

169 1925 195 1961 4
220 1910 357 1972 quod
391 1908 581 1971 agebat,
609 1917 821 1971 quantus
858 1923 1092 1956 euasurus
1128 1914 1270 1965 esset,
1301 1907 1527 1954 eluceret.
1600 1923 1693 1954 nec
1729 1907 1885 1954 multo
1911 1924 1961 1952 20
1990 1932 2014 1970 s

220 2000 333 2054 post
374 1990 552 2039 missus
593 1990 657 2038 ab
696 1991 875 2038 eodem
916 1988 1091 2037 uitrico
1138 2005 1253 2036 cum
1294 1988 1508 2037 exercitu
1548 1989 1613 2037 ad
1654 1987 1885 2037 uisendas
1944 2005 1953 2011 ··
2013 1990 2014 1995 ’

222 2073 635 2135 ordinandasque,
679 2088 807 2135 quae
854 2072 947 2120 sub
990 2070 1193 2121 Oriente
1240 2079 1368 2130 sunt,
1411 2070 1704 2134 prouincias,
1753 2087 1887 2134 prae-

222 2157 379 2220 cipuis
421 2156 645 2206 omnium
687 2156 923 2204 uirtutum
965 2154 1310 2218 experimentis
1347 2153 1399 2201 in
1437 2170 1497 2202 eo
1533 2162 1690 2202 tractu
1725 2152 1884 2212 editis,

222 2256 337 2288 cum
373 2238 649 2302 legionibus
682 2238 926 2301 ingressus
951 2237 1253 2297 Armeniam,
1280 2238 1478 2286 redacta
1513 2253 1571 2285 ea
1598 2236 1650 2284 in
1677 2245 1890 2299 potesta-

278 2382 303 2407 2
332 2374 379 2407 ut
398 2369 516 2407 aiunt
544 2368 631 2418 ing.
661 2366 744 2405 ΒΑ
766 2382 775 2406 :
816 2367 902 2416 ing.
937 2372 983 2405 ut
1011 2367 1129 2405 aiunt
1155 2365 1199 2405 P
1359 2378 1384 2415 3
1412 2364 1597 2414 ingentis
1623 2364 1818 2403 fortunae
1845 2364 1888 2402 in

223 2437 349 2473 quarn
370 2423 421 2462 al.
439 2436 571 2473 capax
593 2421 781 2462 Scriner:
810 2421 1075 2471 ingeniiAP
1194 2422 1220 2459 8
1249 2420 1432 2459 foemina
1450 2419 1492 2456 A
1607 2432 1634 2468 9
1662 2419 1823 2457 foelicis
1842 2418 1885 2457 A

228 2491 276 2517 10
289 2478 375 2530 Ti.]
389 2479 436 2517 T.
452 2477 495 2516 P
509 2492 519 2517 :
538 2478 574 2515 T
586 2477 628 2515 A
691 2476 816 2515 trimo
831 2475 975 2514 Aldus
991 2489 1000 2515 :
1021 2476 1156 2527 primo
1169 2475 1260 2514 AP
1359 2487 1405 2512 11
1438 2474 1737 2524 despondente
1752 2474 1889 2512 Gelen-

831 2529 876 2563 Ti

226 2575 303 2621 ius,
318 2574 365 2624 cf
384 2588 447 2624 79.
465 2587 489 2612 2
507 2588 517 2613 t
547 2586 660 2623 resp.
673 2572 764 2611 AP
890 2573 1064 2611 Nerone
1078 2571 1121 2610 A
1139 2587 1148 2612 :
1181 2571 1353 2610 Nerone
1366 2570 1416 2622 P,
1431 2570 1503 2608 sed
1517 2569 1675 2608 Burer‘
1688 2569 1895 2620 exemplar

228 2633 305 2669 uet.
329 2629 492 2667 uidetur
506 2628 647 2667 habere
664 2628 953 2677 respondente
974 2629 1012 2666 ei
1035 2627 1209 2666 Nerone
1222 2627 1232 2642 ’
1352 2627 1403 2663 16
1431 2625 1610 2674 uisuque
1630 2624 1891 2675 praetulerat

233 2683 431 2722 Vrsinus:
461 2684 661 2733 nisusque
681 2682 918 2733 praetulerit
935 2681 1026 2720 ΑΡ
1197 2684 1244 2730 17
1275 2693 1499 2730 capessere
1518 2678 1608 2717 AB
1624 2693 1633 2718 ε
1663 2691 1891 2728 capescere

226 2738 270 2776 P
379 2739 428 2776 18
457 2751 506 2777 ac
526 2738 588 2776 rei
602 2737 627 2778 f.
649 2737 836 2786 inopiam
859 2741 904 2774 ut
922 2737 1161 2787 interpolata
1173 2735 1246 2775 del.
1266 2735 1514 2774 Cornelissen
1597 2734 1746 2772 Ostiae
1763 2738 1890 2782 atque

226 2793 485 2832 Rhenanus:
525 2792 647 2832 Ostia
667 2797 843 2841 eratque
863 2790 955 2829 ΑΡ
1118 2803 1168 2839 19
1195 2790 1395 2828 mandatu
1420 2788 1568 2827 Orelli:
1597 2789 1797 2826 mandatu
1816 2787 1859 2825 A
1881 2800 1892 2825 z

228 2848 426 2886 mandato
446 2847 489 2885 P
594 2846 758 2886 uictrici
787 2850 823 2884 et
841 2845 972 2896 paulo
992 2849 1089 2896 post
1116 2845 1289 2883 uictrico
1308 2843 1400 2882 AP
1557 2854 1610 2880 22
1639 2855 1723 2891 que
1743 2855 1825 2881 om.
1844 2841 1888 2879 A

229 2914 281 2950 23
311 2902 505 2940 omnibus
548 2900 591 2939 A
788 2905 925 2939 tractu
973 2900 1184 2939 Gelenius:
1242 2903 1423 2937 tractatu
1470 2895 1567 2948 AP,
1617 2896 1729 2947 quod
1762 2896 1895 2947 recepit

228 2956 349 2995 Kritz
368 2961 586 3006 tamquam
605 2955 842 3007 segnzficarit
860 2955 903 2993 in
924 2955 1017 2993 eius
1036 2954 1099 2993 rei
1120 2954 1372 2993 tractatione

1025 3108 1101 3150 106
