2014 3392
721 205 980 252 VELLEI
1019 203 1420 253 PATERCVLI

232 347 291 394 A.
322 344 540 394 Licinius
580 347 748 394 Nerua
785 344 1010 404 Silianus‚
1055 346 1107 392 P.
1148 343 1234 392 Sili
1269 343 1412 402 filius,
1451 360 1599 406 quem
1637 342 1797 392 uirum
1833 360 1897 393 ne

230 428 317 492 qui
358 427 594 477 intellexit
635 427 857 491 quidem>
880 427 1081 475 abunde
1119 425 1320 474 miratus
1359 435 1446 485 est,
1477 427 1601 481 'rme
1637 425 1759 474 nihil
1794 442 1896 475 non

229 509 420 573 optimo
468 508 566 558 ciui
613 507 976 572 simplicissimo
1023 507 1139 556 duci
1186 507 1389 570 perisset
1441 507 1717 570 praeferens
1738 511 1779 566 †,
1829 506 1899 554 in-

230 600 421 639 matura
473 597 620 639 morte
671 600 720 638 et
772 591 932 638 fructu
984 589 1316 652 amplissimae
1368 587 1600 651 principis
1653 587 1897 637 amicitiae

229 682 278 722 et
331 671 762 722 consummatione
820 681 1023 720 euectae
1081 671 1132 719 in
1186 670 1478 719 altissimum
1536 679 1896 733 paternumque
1920 684 1942 722 5
2004 681 2006 691 '

183 769 205 808 5
229 754 477 818 fastigium
527 753 752 817 imaginis
805 755 1027 802 defectus
1080 762 1166 802 est.
1262 754 1440 801 horum
1492 751 1710 801 uirorum
1763 769 1898 801 men-

227 836 351 886 tioni
390 836 430 885 si
466 835 575 899 quis
612 835 861 898 quaesisse
900 852 980 884 me
1027 834 1159 884 dicet
1199 836 1380 894 locum,
1421 836 1658 883 fatentem
1698 843 1866 896 arguet
1884 851 1898 894 3

228 935 391 981 neque
445 917 577 966 enim
630 917 786 966 iustus
838 916 944 965 sine
997 916 1259 965 mendacio
1311 918 1498 965 candor
1547 917 1683 979 apud
1734 915 1895 964 bonos

227 998 420 1048 crimini
458 1008 543 1047 est.

126 1092 202 1142 117
294 1083 514 1128 Tantum
552 1080 690 1142 quod
722 1078 946 1127 ultimam
975 1078 1276 1142 imposuerat
1301 1078 1591 1127 Pannonico
1615 1095 1673 1126 ac
1700 1080 1897 1127 Delma·
1925 1102 1974 1130 10
2008 1073 2009 1081 ¹

226 1160 325 1209 tico
362 1161 494 1209 bello
532 1161 715 1210 Caesar
749 1177 968 1219 manum,
995 1177 1110 1208 cum
1146 1159 1273 1208 intra
1307 1159 1528 1222 quinque
1564 1159 1895 1208 consummati

226 1242 350 1291 tanti
382 1242 543 1306 operis
577 1241 683 1291 dies
715 1244 939 1291 funestae
975 1259 1034 1291 ex
1071 1241 1337 1291 Germania
1361 1241 1599 1304 epistulae
1624 1240 1754 1290 caesi
1778 1240 1896 1290 Vari

226 1324 678 1388 trucidatammque
713 1324 965 1388 legionum
1001 1323 1147 1372 trium
1180 1324 1489 1387 totidemque
1520 1325 1707 1372 alarum
1739 1332 1788 1372 et
1813 1340 1896 1372 sex

227 1405 506 1455 cohortium
545 1422 568 1449 *
611 1424 635 1451 *
672 1407 809 1454 uelut
834 1405 884 1453 in
909 1407 1006 1454 hoc
1036 1407 1209 1454 saltem
1234 1405 1583 1453 tantummodo
1608 1404 1896 1468 indulgente
2010 1463 2012 1473 R

227 1486 372 1536 nobis
404 1489 613 1547 fortuna,
653 1503 716 1535 ne
746 1495 990 1549 occupato
1015 1487 1143 1535 duce
1171 1503 1194 1530 *
1225 1504 1248 1531 *
1278 1504 1302 1530 *
1329 1496 1377 1535 et
1419 1502 1567 1534 causa
1602 1495 1650 1534 et
1685 1503 1896 1549 persona
1923 1503 1971 1544 15

183 1588 203 1615 2
227 1586 417 1618 moram
443 1569 600 1632 exigit.
673 1571 832 1617 Varus
859 1568 1129 1630 Quintilius
1154 1568 1344 1617 inlustri
1368 1567 1522 1631 magis
1555 1585 1704 1631 quam
1741 1566 1897 1616 nobili
2010 1554 2012 1568 ’

226 1659 360 1700 ortus
385 1650 582 1710 familia,
609 1650 684 1698 uir
707 1649 906 1713 ingenio
931 1649 1076 1709 mitis,
1104 1650 1323 1699 moribus
1360 1650 1569 1713 quietus,
1596 1659 1650 1698 ut
1675 1665 1894 1712 corpore,

225 1731 293 1780 ita
327 1731 495 1780 animo
531 1731 828 1791 inmobilior,
867 1730 969 1780 otio
1006 1731 1159 1794 magis
1198 1741 1467 1780 castrorum
1504 1748 1654 1794 quam
1691 1731 1897 1780 bellicae

225 1815 460 1862 adsuetus
508 1813 723 1873 militiae,
764 1813 1005 1877 pecuniae
1051 1831 1171 1863 uero
1218 1830 1368 1877 quam
1416 1830 1519 1862 non
1566 1823 1892 1877 contemptor,
2013 1875 2014 1880 ¹

227 1894 376 1958 Syria,
427 1894 507 1944 cui
563 1897 850 1958 praefuerat,
901 1895 1182 1955 declarauit‚
1233 1912 1383 1958 quam
1442 1913 1629 1959 pauper
1687 1895 1894 1945 diuitem
1920 1911 1972 1940 20

182 1990 204 2028 3
226 1975 472 2039 ingressus
514 1976 654 2025 diues
696 1993 964 2039 pauperem
1002 1976 1228 2040 reliquit;
1276 1976 1316 2025 is
1358 1994 1473 2026 cum
1515 1976 1761 2037 exercitui,
1811 1977 1897 2040 qui
2003 1963 2006 1966 Δ

285 2121 303 2146 1
335 2108 546 2146 Alicinius
563 2107 619 2158 (ci
638 2114 764 2158 super
778 2107 988 2158 rasuram)
1012 2107 1099 2157 del„
1122 2107 1213 2146 dein
1227 2114 1425 2159 suprascr.
1441 2107 1704 2147 AliciniusA
1802 2108 1894 2147 Silii

226 2162 317 2201 ΑΡ
489 2176 514 2201 2
544 2176 599 2201 ne
621 2162 708 2213 (me
730 2162 797 2200 uel
813 2176 884 2201 ine
903 2163 965 2212 A)
990 2163 1096 2201 nihil
1119 2176 1206 2201 non
1229 2164 1327 2209 (om.
1351 2162 1408 2213 P)
1425 2164 1585 2212 optimo
1609 2162 1810 2216 (optimoss
1829 2162 1891 2213 A)

226 2217 307 2255 ciui
333 2217 458 2267 (ciuis
482 2217 545 2266 A)
570 2217 876 2267 simplicissimo
900 2217 997 2255 duci
1029 2218 1211 2266 perisset
1234 2217 1357 2255 BPA
1379 2231 1388 2256 :
1404 2217 1584 2267 sortasse
1609 2217 1712 2255 nihil
1743 2231 1829 2256 non
1854 2231 1894 2257 o.

226 2271 308 2309 ciui
343 2271 479 2322 simpl.
517 2273 611 2310 duci
642 2284 869 2322 superesse
897 2273 1160 2322 praeferens,
1187 2272 1235 2322 cf.
1272 2284 1362 2320 125.
1389 2283 1432 2320 5.
1494 2271 1589 2310 Vide
1610 2272 1771 2311 Comm.
1799 2271 1894 2311 Cn't.

226 2339 251 2375 4
282 2332 418 2365 morte
440 2326 532 2367 add.
559 2326 685 2365 Orelli
791 2326 1101 2376 amplicissimae
1121 2326 1163 2364 A
1332 2328 1359 2364 6
1388 2332 1453 2365 est
1472 2326 1533 2367 P:
1565 2340 1614 2365 es
1633 2326 1675 2364 A
1763 2328 1895 2365 hono-

227 2394 319 2418 rum
338 2380 454 2420 AB:
482 2394 661 2430 quorum
680 2380 746 2419 P:
776 2382 928 2419 horum
961 2381 1121 2420 Burer:
1150 2382 1357 2420 bonorum
1388 2380 1640 2420 Burmann:
1681 2395 1736 2419 an
1762 2382 1893 2419 hono-

226 2436 361 2474 rariae
396 2437 576 2476 horum?
787 2438 812 2474 8
841 2436 935 2474 sine
980 2437 1202 2474 mendacio
1235 2441 1455 2486 tamquam
1497 2436 1784 2486 interpolatum
1818 2435 1890 2474 del.

230 2489 477 2528 Cornelissen
628 2503 678 2528 10
698 2489 768 2540 ac]
786 2491 839 2528 ad
853 2490 894 2527 A
1008 2491 1145 2531 Dalm.
1158 2490 1248 2528 ΑΡ
1384 2502 1429 2528 11
1453 2502 1640 2529 consum.
1657 2490 1700 2528 A
1845 2503 1894 2539 14

226 2544 487 2596 cohortium]
503 2545 695 2583 nuntium
716 2545 897 2584 attulere
917 2545 981 2583 hic
995 2545 1272 2595 supplendum
1291 2549 1376 2583 erat
1551 2556 1599 2593 15
1622 2558 1676 2583 ne
1689 2550 1893 2594 occupato

227 2600 376 2637 ducem
396 2605 440 2638 et
460 2612 585 2638 causa
614 2612 797 2650 persona
818 2612 975 2637 moram
1005 2600 1138 2649 exigit
1156 2599 1255 2639 ΑΡ.
1307 2599 1527 2638 Lacunam
1548 2603 1646 2650 post
1665 2600 1773 2638 duce
1800 2612 1894 2637 cum

226 2652 366 2704 Lipsio
394 2658 432 2691 et
464 2653 602 2692 Vossio
630 2654 766 2694 statui.
844 2654 959 2692 Eam
992 2654 1048 2693 sic
1071 2655 1254 2705 explent:
1301 2653 1402 2692 Voss
1428 2653 1471 2691 in
1495 2654 1756 2693 debellandis
1786 2654 1893 2692 Pan-

227 2707 366 2747 noniis
404 2709 590 2747 uictores
629 2708 832 2747 Germani
871 2709 923 2747 iis
956 2722 1003 2747 se
1039 2709 1377 2758 coniungerent:
1432 2708 1569 2746 Halm
1597 2713 1716 2747 tanta
1754 2708 1894 2746 clades

228 2763 487 2801 inferretur:
525 2763 633 2801 Boot
660 2764 816 2802 malum
845 2769 1010 2801 tantum
1039 2763 1254 2813 ingereret
1363 2764 1440 2801 sed
1475 2775 1601 2802 causa
1635 2768 1678 2800 et
1708 2775 1894 2812 persona

226 2817 393 2867 Lipsius
419 2822 457 2855 et
484 2816 610 2857 Voss:
649 2819 724 2856 sed
754 2823 798 2857 et
826 2831 953 2856 causa
982 2823 1026 2856 et
1055 2831 1096 2868 p.
1134 2818 1262 2857 Orelli
1423 2819 1473 2856 18
1503 2818 1560 2856 ita
1579 2816 1822 2856 Acidalzus:
1851 2822 1895 2855 et

225 2871 319 2919 ΑΡ,
344 2872 457 2922 quod
477 2872 677 2923 Wopkens
704 2873 864 2923 interpr.
917 2876 1014 2923 ‘pro
1041 2873 1213 2923 corporis
1231 2872 1440 2922 animique
1458 2871 1664 2910 tarditate'
1764 2871 1892 2910 Tmob.

225 2926 289 2965 A:
336 2927 448 2966 imm.
488 2926 531 2964 P
636 2938 639 2940 ·
718 2940 768 2965 21
801 2940 896 2966 cum
930 2928 974 2965 in
1011 2927 1054 2965 A
1087 2928 1144 2966 sic
1165 2927 1359 2978 scriptum
1392 2931 1449 2965 est
1477 2930 1524 2965 ut
1555 2925 1614 2964 ad
1639 2931 1728 2964 tum
1755 2926 1897 2976 potius

227 2980 397 3019 accedere
415 2981 606 3020 uideatur

1026 3123 1099 3161 128
