2014 3392
827 263 1044 311 LIBER
1080 263 1135 312 11

143 399 347 450 Asinius
387 418 502 451 cum
544 411 735 466 septem
782 402 1074 468 legionibuS‚
1117 403 1204 455 diu
1246 414 1434 455 retenta
1480 405 1530 455 in
1573 417 1816 471 potestate

144 481 334 531 Antoni
370 482 595 543 Venetia,
633 483 823 547 magnis
865 484 1202 549 speciosisque
1239 487 1386 536 rebus
1424 487 1553 537 circa
1591 489 1815 538 Altinum

142 562 364 627 aliasque
386 562 493 613 eius
516 563 728 628 regionis
753 564 887 614 urbis
919 565 1078 626 editis,
1106 566 1382 616 Antonium
1419 578 1607 631 petens,
1635 586 1816 633 uagum

142 644 311 693 adhuc
343 644 636 705 Domitium,
662 661 812 709 quem
845 645 1123 710 digressum
1152 664 1183 697 e
1217 647 1465 698 Brutianis
1501 649 1669 699 castris
1705 660 1819 714 post

67 724 75 728 ’
97 741 122 782 5
143 728 350 776 medem
388 725 494 776 eius
531 727 862 791 praediximus
893 738 944 778 et
967 728 1192 793 propriae
1216 729 1384 780 classis
1408 732 1594 780 factum
1619 733 1815 791 ducem,

144 806 363 857 consiliis
403 807 505 857 suis
537 810 796 861 'relectum
837 826 898 859 ac
935 811 1035 860 fide
1072 812 1190 860 data
1224 810 1381 860 iunxit
1416 812 1669 862 Antonio:
1717 830 1819 876 quo
1844 832 1866 869 3

143 888 290 949 facto,
330 889 553 953 quisquis
589 906 807 954 aequum
848 907 902 940 se
942 891 1248 955 praestiterit,
1289 892 1411 942 sciat
1451 910 1554 943 non
1590 893 1755 943 minus
1790 911 1821 942 a

145 970 371 1022 Pollione
394 971 446 1020 in
470 971 747 1021 Antonium
772 989 923 1036 quam
951 973 1018 1022 ab
1049 973 1273 1023 Antonio
1308 973 1359 1023 in
1397 974 1675 1024 Pollionem
1712 992 1820 1024 esse

144 1054 393 1103 collatum.
464 1056 711 1104 aduentus
746 1054 931 1105 deinde
962 1054 1013 1104 in
1048 1055 1242 1105 Italiam
1274 1056 1464 1106 Antoni
1489 1066 1822 1121 praeparatus·

72 1151 124 1182 10
144 1150 244 1199 que
268 1146 441 1185 contra
474 1153 590 1186 eum
630 1136 855 1187 Caesaris
888 1136 1062 1187 habuit
1087 1137 1203 1188 belli
1228 1148 1431 1199 metum,
1459 1141 1548 1190 sed
1573 1156 1667 1203 pax
1692 1139 1821 1189 circa

147 1218 467 1269 Brundisium
503 1218 793 1283 composita.
866 1236 954 1284 per
985 1236 1116 1284 quae
1149 1230 1374 1285 tempora
1399 1222 1517 1270 Rufi
1549 1221 1822 1272 Saluidieni
1845 1234 1870 1271 4

144 1302 353 1351 scelesta
393 1300 601 1350 consilia
646 1302 891 1365 patefacta
928 1311 1073 1351 sunt:
1132 1301 1218 1366 qui
1265 1312 1410 1352 natus
1459 1302 1822 1353 obscurissimis

145 1382 295 1433 initiis
331 1400 503 1447 parum
540 1384 758 1434 habebat
791 1400 988 1433 summa
1021 1384 1273 1449 accepisse
1308 1394 1358 1434 et
1392 1385 1643 1450 proximus
1671 1403 1702 1435 a
1726 1387 1818 1437 Cn.

146 1465 391 1530 Pompeio
427 1465 637 1530 ipsoque
675 1467 888 1517 Caesare
923 1466 1163 1530 equestris
1199 1467 1386 1518 ordinis
1423 1470 1598 1518 consul
1631 1478 1822 1518 creatus

74 1565 91 1596 ι
99 1568 123 1609 5
144 1564 268 1608 esse,
303 1547 397 1597 nisi
438 1548 489 1597 in
531 1547 583 1598 id
619 1548 975 1609 adscendisset,
1016 1566 1045 1599 e
1080 1566 1184 1613 quo
1220 1549 1346 1599 infra
1378 1567 1431 1600 se
1467 1560 1517 1600 et
1557 1552 1822 1602 Caesarem

145 1628 338 1679 uideret
360 1639 410 1679 et
433 1646 536 1679 rem
562 1629 827 1694 publicam.

213 1711 348 1759 Tum
386 1712 731 1775 expostulante
769 1728 1033 1761 consensu·
1055 1711 1242 1776 populi,
1270 1729 1421 1776 quem
1453 1712 1614 1779 grauis
1651 1713 1824 1782 urebat
1846 1721 1909 1771 77

146 1790 328 1843 infesto
352 1792 474 1842 mari
496 1810 712 1854 annona,
739 1811 854 1843 cum
885 1794 1128 1864 Pompeio
1160 1811 1362 1859 quoque
1401 1795 1530 1845 circa
1569 1795 1822 1845 Misenum

148 1891 244 1940 pax
277 1874 412 1936 inita,
439 1875 525 1941 qui
561 1877 696 1927 haud
733 1877 962 1938 absurde,
989 1895 1104 1927 cum
1141 1877 1192 1927 in
1229 1878 1345 1928 naui
1375 1880 1740 1943 Caesaremque
1776 1888 1826 1928 et

73 1972 127 2003 πο
149 1956 427 2007 Antonium
465 1974 591 2007 cena
627 1957 887 2023 exciperet,
930 1958 1053 2009 dixit
1091 1958 1142 2008 in
1181 1959 1358 2010 carinis
1405 1959 1505 2010 suis
1547 1977 1600 2010 se
1648 1977 1823 2010 cenam

146 2040 280 2100 dare,
317 2041 532 2090 referens
567 2042 665 2090 hoc
702 2040 892 2091 dictum
930 2043 995 2092 ad
1031 2041 1128 2092 loci
1164 2059 1364 2103 nomen,
1396 2042 1447 2091 in
1483 2060 1585 2107 quo
1621 2052 1825 2107 paterna

146 2123 330 2172 domus
374 2123 442 2172 ab
493 2122 716 2173 Antonio
763 2123 1120 2188 possidebatur.
1194 2124 1244 2174 in
1296 2126 1395 2175 hoc
1442 2125 1577 2190 pacis
1624 2127 1824 2176 foedere
1850 2142 1870 2171 z

147 2203 333 2268 placuit
373 2203 590 2254 Siciliam
635 2204 978 2270 Achaiamque
1020 2206 1263 2271 Pompeio
1304 2209 1594 2268 concedere,
1622 2207 1686 2256 ‚in
1723 2224 1825 2271 quo

148 2295 316 2336 tamen
350 2285 547 2354 animus
585 2286 779 2351 inquies
818 2305 1018 2339 manere
1055 2306 1158 2339 non
1196 2289 1370 2354 potuit.
1444 2289 1495 2340 id
1532 2307 1688 2340 unum
1726 2300 1828 2340 tan-

74 2381 124 2425 ²5
148 2369 413 2418 tummodo
447 2369 658 2418 salutare
688 2370 911 2419 aduentu
943 2387 1036 2420 suo
1068 2370 1252 2435 patriae
1278 2370 1401 2431 tulit,
1429 2373 1567 2435 quod
1592 2371 1826 2422 omnibus

202 2510 231 2538 ο
257 2497 438 2539 Antonii
468 2496 559 2536 ΑΡ
744 2510 772 2550 3
800 2498 927 2540 urbes
955 2498 1048 2539 ΑΡ
1233 2511 1259 2551 5
1289 2500 1461 2552 proprie
1480 2500 1556 2542 A:
1585 2514 1766 2553 proprae
1787 2501 1829 2541 Β

146 2553 177 2594 6
204 2552 406 2594 iniectum
429 2552 643 2593 Gelenius:
671 2565 727 2593 an
748 2553 1007 2605 pellectum?
1187 2556 1214 2595 8
1244 2555 1424 2596 Polione
1442 2555 1485 2595 A
1603 2556 1827 2597 Polionem

147 2607 193 2648 A
363 2620 392 2658 9
418 2607 529 2647 conl.
553 2606 644 2646 ΑΡ
762 2615 1125 2661 praeparatusque
1155 2609 1270 2651 AP:
1318 2616 1576 2662 paratusque
1613 2612 1827 2652 Gelenius:

148 2675 174 2703 s
206 2669 465 2715 paratusque
494 2661 616 2702 Κηϊα
642 2666 680 2700 et
706 2668 801 2702 ante
826 2677 923 2703 eum
951 2663 1135 2717 Sylburg
1331 2678 1380 2705 10
1409 2672 1558 2705 contra
1579 2679 1678 2706 eum
1699 2666 1826 2708 Caes.

192 2717 235 2756 A
253 2732 265 2759 z
307 2718 431 2758 Caes.
462 2717 575 2758 eirca
605 2729 702 2756 eum
723 2716 767 2757 Ρ
931 2730 975 2759 11
1010 2718 1295 2760 Brundusium
1331 2719 1373 2759 Ρ
1429 2733 1591 2772 perque
1620 2720 1663 2759 A
1726 2721 1827 2762 Rufi

148 2771 192 2811 A
212 2786 224 2813 z
254 2771 424 2813 RuffiP
481 2771 729 2812 saluidienis
743 2772 918 2814 eclesia
933 2773 976 2813 A
1094 2787 1143 2825 ¹3
1171 2787 1375 2815 summam
1395 2774 1493 2824 ΑΡ,
1517 2788 1594 2816 em,
1613 2774 1831 2816 Ao'daltus

153 2838 201 2877 14
231 2840 287 2867 ex
316 2828 505 2879 equestri
528 2827 759 2878 (sequestri
779 2827 823 2867 A
843 2842 855 2868 z
887 2828 1099 2880 equestris
1127 2828 1183 2881 P)
1204 2829 1366 2869 ordinis
1386 2828 1534 2870 BAP:
1563 2843 1616 2870 ex
1639 2831 1828 2881 equestri

149 2882 303 2923 ordine
326 2882 534 2923 Gelenius:
564 2882 778 2932 equestris
801 2882 966 2923 ordinis
988 2882 1215 2925 Heinsius:
1230 2884 1335 2935 fort.
1364 2897 1419 2924 ex
1443 2884 1586 2935 equite
1613 2885 1828 2937 equestris

150 2951 314 2991 ordinis
326 2950 475 2991 consul
536 2944 714 2991 CUN‘S.
735 2949 780 2990 A
896 2962 945 3003 15
975 2951 1017 2992 in
1043 2952 1085 2993 id
1105 2950 1347 2993 Puteanus:
1377 2953 1419 2993 in
1444 2953 1478 2993 is
1499 2952 1583 2992 BA
1604 2966 1614 2993 ε
1643 2953 1767 2994 simul
1789 2954 1832 2994 P

150 3017 238 3046 asc.
258 3004 349 3045 A?
416 3018 442 3046 e
462 3018 550 3058 quo
569 3004 635 3046 Px
664 3018 778 3056 equo
798 3004 882 3045 BA
1028 3017 1075 3058 ¹7
1106 3006 1283 3058 urgebat
1309 3006 1528 3048 Aa'daln‘us
1677 3021 1726 3061 ¹9
1754 3010 1827 3050 ab·

150 3060 281 3101 surde
314 3059 572 3101 Rhenanus:
609 3059 795 3100 absurdo
824 3059 939 3101 AP:
980 3074 1036 3101 an
1070 3061 1258 3102 absurdo
1289 3062 1411 3105 ioco?
1549 3075 1604 3104 σο
1631 3063 1828 3105 cenaA:

150 3127 275 3157 eoena
294 3114 337 3156 Ρ
469 3126 522 3166 25
551 3114 690 3167 patrie
708 3114 752 3155 A
864 3115 1005 3157 attulit
1025 3115 1069 3156 Ρ

959 3192 1008 3236 91
