2014 3392
820 208 1037 257 LIBER
1073 206 1104 260 Ῐ

45 364 59 418 g
119 345 265 406 uirOS,
302 347 607 410 Aeschylum
643 348 928 411 Sophoclen
962 347 1250 411 Euripiden,
1287 346 1566 398 inlustrauit
1605 357 1792 412 tragoe-

45 426 66 484 fv
117 427 251 477 diam
268 445 284 489 3
317 445 419 477 una
440 427 653 492 prisoem
676 428 812 478 illam
835 438 886 479 et
909 438 1130 478 ueterem
1154 429 1248 478 sub
1272 428 1479 479 Cratino
1503 429 1790 494 Aristopha-

23 494 51 531 ³''
116 526 280 573 neque
325 519 376 559 et
421 510 671 574 Eupolide
722 510 1070 572 comoediam3
1136 528 1196 560 ac
1254 527 1439 560 nouam
1498 508 1786 579 [comicam]

43 638 46 639 γ
117 591 398 640 Menander
439 593 774 656 aequalesque
827 591 933 642 eius
978 591 1153 642 aetatis
1200 591 1356 656 magis
1416 609 1568 656 quam
1623 593 1786 657 operis

20 703 40 735 '.
115 671 342 722 Philemo
375 689 437 722 ac
472 672 705 737 Diphilus
742 683 792 723 et
826 672 1063 723 inuenere
1097 673 1225 723 intra
1265 673 1591 737 paucissimos
1625 691 1786 725 annos

113 770 276 819 neque
298 754 591 805 imitandam
614 754 868 819 reliquere.
929 754 1343 819 philosophorum
1362 771 1564 820 quoque
1588 754 1787 819 ingenia
1812 777 1835 812 4

18 837 36 901 1}
110 836 364 886 Socratico
400 853 487 887 ore
523 836 794 887 defluentia
829 836 1071 897 omnium,
1097 853 1225 901 quos
1256 837 1408 900 paulo
1437 846 1555 886 ante
1583 853 1785 887 enume-

20 975 44 997 ᾧ
109 918 339 979 nmirum,
357 928 547 983 quanto
563 928 678 982 post
696 918 917 968 Platonis
935 917 1315 983 Aristotelisque
1339 927 1551 968 mortem
1574 919 1784 969 floruere

19 1002 61 1054 ζ·”
109 1000 270 1063 spatio
283 1002 307 1050 Ρ
362 999 486 1064 quid
538 1010 655 1050 ante
710 1002 979 1061 Isocraten,
1029 1000 1151 1065 quid
1202 1011 1316 1064 post
1369 999 1476 1051 eius
1532 999 1784 1051 auditores
1809 1015 1830 1053 5

28 1085 34 1131 ἐ
71 1106 77 1115 ·
106 1098 382 1146 eorumque
411 1081 697 1146 discipulos,
731 1084 918 1133 clarum
959 1082 1012 1132 in
1052 1081 1329 1133 oratoribus
1370 1082 1499 1132 fuit?
1565 1083 1696 1132 adeo
1731 1083 1789 1132 id

29 1152 36 1188 9
107 1164 312 1228 quidem
357 1173 571 1214 artatum
610 1163 848 1228 angustiis
895 1174 1192 1229 temporum,
1242 1174 1297 1215 ut
1343 1180 1496 1215 nemo
1542 1164 1783 1215 memoria
1815 1205 1820 1209 .

17 1254 24 1305 ’;
106 1245 286 1309 dignus
307 1247 431 1296 alter
451 1246 519 1296 ab
540 1247 696 1297 altero
718 1246 878 1297 uideri
901 1246 1192 1311 nequiuerit.

18 1322 35 1334 ”
174 1329 356 1392 Neque
389 1329 488 1378 hoc
520 1327 573 1378 in
609 1327 813 1379 Graecis
850 1345 1002 1393 quam
1037 1328 1090 1379 in
1126 1327 1372 1380 Romanis
1406 1326 1575 1378 euenit
1607 1327 1775 1392 magis.
1805 1335 1857 1384 17

19 1461 31 1480 ι,
105 1426 223 1459 nam
246 1409 342 1460 nisi
363 1426 539 1474 aspera
559 1427 620 1460 ac
637 1409 779 1461 rudia
795 1419 989 1474 repetas
1007 1420 1056 1461 et
1074 1410 1266 1461 inuenti
1283 1410 1536 1460 laudanda
1559 1408 1778 1470 nomine,

27 1511 57 1532 ιι
104 1491 156 1541 ἰιι
192 1491 351 1542 Accio
387 1491 618 1557 ciroeque
654 1509 771 1542 eum
803 1494 1038 1543 Romana
1071 1491 1325 1556 tragoedia
1359 1500 1466 1552 est3
1505 1489 1779 1555 dulcesque

28 1632 30 1634 ,
106 1573 270 1624 Latini
327 1573 508 1638 leporis
564 1573 771 1624 facetiae
820 1590 910 1638 per
954 1573 1231 1626 Caecilium
1282 1572 1676 1637 Terentiumque
1730 1581 1781 1622 et

26 1663 31 1734 ζ
103 1655 364 1706 Afranium
410 1655 611 1720 suppari
654 1665 816 1706 aetate
861 1655 1128 1707 nituerunt.
1201 1654 1463 1706 historicos
1510 1654 1676 1716 etiam,
1724 1663 1780 1704 ut
1807 1675 1827 1702 2

30 1788 34 1794 Α
106 1738 306 1789 Liuium
354 1754 557 1803 quoque
603 1737 824 1802 priorum
883 1737 1033 1788 aetati
1092 1739 1332 1798 adstruas,
1383 1746 1576 1801 praeter
1634 1737 1781 1787 Cato-

31 1835 35 1882 ξ
103 1837 219 1871 nem
254 1830 305 1871 et
338 1821 586 1885 quosdam
631 1830 824 1870 ueteres
861 1829 912 1870 et
952 1820 1192 1871 obscuros
1239 1818 1404 1869 minus
1442 1833 1589 1868 Lxxx
1634 1812 1780 1868 annis

27 1893 34 1951 's
102 1901 464 1952 circumdatum
504 1919 687 1952 aeuum
728 1901 854 1962 tulit,
897 1911 952 1952 ut
989 1918 1084 1952 nec
1130 1911 1389 1965 poetarum
1431 1899 1483 1950 in
1523 1898 1778 1963 antiquius

29 1988 34 2000 ’
102 1983 366 2035 citeriusue
402 1983 642 2048 processit
678 1983 891 2033 ubertas.
963 1992 1014 2032 at
1051 1982 1209 2033 oratio
1240 1999 1300 2032 ac
1331 1981 1408 2032 uis
1440 1980 1649 2031 forensis
1672 1997 1779 2044 per·
1803 1994 1826 2033 3

99 2067 387 2131 tectumque
439 2082 616 2130 prosae
662 2063 976 2130 eloquentiae
1022 2066 1191 2125 decus
1241 2074 1295 2115 ut
1341 2063 1477 2115 idem
1524 2072 1777 2128 separetur

102 2149 233 2199 Cato
258 2148 403 2214 (pace
427 2149 480 2197 P.
508 2146 675 2199 Crassi
699 2145 1046 2211 Scipionisque
1085 2156 1136 2196 et
1170 2146 1307 2196 Laeli
1344 2155 1394 2196 et
1432 2147 1774 2196 Gracchorum

162 2290 179 2318 ι
211 2277 460 2329 Sophoclen
487 2276 724 2329 Euripiden
742 2277 785 2317 A
806 2290 817 2316 :
854 2276 982 2317 ·clem
1010 2278 1128 2318 ·dem
1148 2277 1191 2318 P
1309 2277 1554 2328 tragoedias
1573 2272 1671 2328 ΑΡ,
1694 2287 1773 2318 em.

79 2353 81 2357 ¹
103 2331 332 2374 Βκηοιωοι
486 2345 513 2372 2
541 2337 628 2373 uni
646 2333 688 2372 A
800 2330 1180 2384 Aristophaneque
1210 2337 1253 2372 et
1284 2332 1438 2373 Orelli:
1465 2329 1774 2382 Aristophane-

102 2400 186 2439 que
204 2387 249 2428 A
268 2400 283 2428 τ
307 2386 599 2439 Aristophane
618 2393 664 2427 et
682 2386 725 2427 P
847 2399 875 2438 3
904 2386 1201 2439 Eupolideque
1243 2386 1475 2438 Gudeman,
1504 2386 1610 2437 sort.
1645 2391 1774 2437 atque

31 2451 35 2464 ·
103 2440 315 2494 Eupolide
332 2496 343 2506 .
480 2448 524 2483 at
549 2441 693 2482 Aldus
857 2442 1063 2483 comicam
1088 2441 1186 2493 ΑΡ,
1210 2441 1324 2495 quod
1343 2440 1567 2482 uindicauit
1591 2440 1775 2480 Thomas

32 2541 35 2561 ³
102 2499 582 2592 Yw¹²ass¹1¹3¹¹⁸p⁶⁰¹¹¹³
599 2496 1144 2616 ἓοὶοῗὲἆὼὶῖαῗξΐωι
1304 2509 1406 2604 ροέὲ
1436 2495 1775 2591 2233&ss

31 2612 35 2621 '
99 2617 127 2657 5
155 2605 350 2648 Philemo
368 2607 411 2647 A
431 2620 444 2648 :
473 2605 700 2647 Philemon
726 2606 770 2647 P
928 2607 957 2646 6
983 2607 1188 2647 imitanda
1207 2606 1303 2659 ΑΡ,
1327 2617 1405 2647 em.
1426 2604 1544 2646 Aa'd.
1645 2604 1771 2645 relin-

99 2673 234 2713 quere
246 2661 292 2702 A
406 2674 430 2714 7
459 2663 588 2715 paulo
602 2661 726 2715 aute]
744 2664 755 2683 ‘
771 2663 815 2703 in
827 2666 949 2715 parte
964 2662 1092 2715 open‘s
1110 2661 1311 2715 deperdaa
1323 2661 1334 2677 ⁹
1354 2660 1456 2701 Iani
1560 2660 1588 2699 8
1615 2665 1773 2711 quarto

98 2716 143 2756 A
254 2716 438 2758 ssuruere
457 2716 502 2757 A
660 2730 688 2767 9
719 2716 952 2758 Isocratem
973 2716 1062 2757 ΑΡ
1205 2728 1255 2757 10
1283 2716 1324 2756 id
1345 2714 1441 2756 add.
1462 2715 1634 2755 Haase:
1662 2715 1770 2755 adeo

99 2770 271 2823 quidem
295 2771 388 2812 AP
550 2783 599 2811 12
626 2772 683 2812 eb
699 2771 810 2812 alter
831 2771 885 2812 ab
908 2771 1044 2812 altero
1062 2771 1105 2812 A
1131 2771 1223 2824 (sic)
1334 2769 1576 2821 nequiuerit
1595 2768 1740 2809 Aldus
1760 2780 1771 2809 t

101 2825 373 2877 nequiuerint
390 2824 484 2866 AP
647 2837 696 2877 15
726 2826 923 2878 circaque
946 2838 1094 2866 eorum
1110 2825 1209 2878 ΑΡ,
1229 2825 1303 2867 sed
1316 2825 1456 2866 Burer
1474 2824 1650 2877 ‘legitur
1664 2823 1771 2863 alias

100 2879 298 2931 tire-que
335 2879 570 2933 quorum':
614 2882 813 2933 circaque
846 2894 945 2922 eum
979 2881 1078 2921 oom'.
1112 2881 1273 2921 Bam:
1301 2880 1404 2932 son‘.
1438 2879 1636 2930 circaque
1669 2887 1768 2919 eum

16 2948 18 2963 ³
98 2935 288 2986 priorum
559 2948 608 2988 ¹7
636 2936 810 2989 suppari
848 2941 935 2978 aet.
964 2934 1205 2976 Acidalia-3:
1251 2935 1331 2976 sub
1365 2934 1548 2987 paritate
1575 2934 1651 2973 A:
1688 2933 1769 2973 sub

98 2990 189 3040 ptri
218 2996 360 3031 neme
387 2990 432 3031 P
618 2997 662 3032 et
690 2996 739 3031 ut
766 2989 879 3031 AP:
911 2989 1043 3031 ‘alias
1070 2996 1116 3031 ut
1144 2989 1211 3031 δι’
1241 2990 1401 3030 Bam:
1440 2989 1568 3029 etiam
1596 2993 1643 3029 ut
1668 2984 1771 3028 Voss

16 3029 19 3040 ’
70 3063 73 3066 ·
100 3039 150 3083 18
177 3045 410 3086 nuans?
522 3057 577 3087 ao
605 3058 684 3087 nec
704 3045 770 3086 P:
799 3058 854 3087 ne
874 3045 916 3086 A
1084 3057 1137 3096 23
1169 3042 1275 3086 Lelii
1296 3044 1369 3087 A:
1402 3040 1597 3084 LaeliiP

901 3146 948 3190 ιγ
1526 3132 1556 3177 2
