2014 3392
832 260 1050 309 LIBER
1085 260 1141 309 II

151 399 400 449 interdum
420 409 474 449 ut
497 399 774 464 supplicem
798 401 1235 461 commendabant,
1257 400 1505 451 interdum
1531 411 1584 450 ut
1608 418 1698 465 pro
1723 400 1827 465 pari

151 481 495 544 loquebantur.
549 481 780 545 gentibus
804 481 1193 545 hominibusque
1215 498 1246 530 a
1269 481 1416 531 nobis
1434 482 1826 532 desciscentibus

151 572 255 611 erat
284 563 420 626 apud
455 579 571 612 eum
606 562 898 626 perfugium,
927 571 952 612 †
970 572 1232 627 totumque
1265 580 1325 612 ex
1356 565 1486 612 male
1515 563 1826 613 dissimulato

36 694 41 707 ,
147 643 327 708 agebat
348 646 601 693 aemulum
618 662 634 706 3
667 644 1049 709 exercitumque,
1071 661 1221 709 quem
1242 660 1349 693 Lxx
1373 644 1564 694 milium
1583 645 1824 709 peditum,

36 768 38 778 1
100 742 123 781 s
149 734 384 789 quattuor
411 725 635 789 equitum
667 727 863 786 fecerat,
889 725 1111 775 adsiduis
1142 727 1381 776 aduersus
1414 725 1651 776 finitimos
1684 726 1826 775 bellis

149 807 427 855 exercendo
463 805 636 856 maiori
671 823 837 871 quam,
864 808 1003 871 quod
1038 807 1269 868 habebat,
1301 807 1438 871 operi
1474 807 1824 871 praeparabat:

148 898 351 951 eratque
369 887 518 937 etiam
537 905 600 938 eo
618 887 884 949 timendus,
905 890 1044 952 quod
1069 906 1183 938 cum
1204 889 1523 939 Germaniam
1547 891 1613 939 ad
1631 890 1826 938 laeuam
1848 913 1870 949 3

148 978 198 1019 et
221 968 273 1018 in
297 971 473 1030 fronte,
501 970 812 1020 Pannoniam
836 972 902 1020 ad
927 972 1164 1032 dextram,
1190 988 1220 1020 a
1244 981 1381 1036 tergo
1405 971 1600 1021 sedium
1625 987 1823 1020 suarum

150 1050 355 1100 haberet
396 1050 624 1112 Noricos,
667 1062 923 1116 tamquam
959 1051 1011 1101 in
1046 1069 1223 1102 omnes
1258 1069 1454 1116 semper
1488 1061 1726 1102 uenturus
1761 1052 1826 1100 ab

75 1148 130 1178 10
150 1131 386 1182 omnibus
410 1132 688 1182 timebatur.
761 1150 856 1183 nee
879 1150 1103 1183 securam
1127 1132 1421 1183 incrementi
1445 1133 1521 1183 sui
1549 1132 1828 1197 patiebatur
1847 1154 1874 1191 4

149 1230 259 1264 esse
307 1213 518 1275 Italiam,
558 1214 744 1279 quippe
786 1232 901 1264 cum
947 1232 979 1265 a
1024 1214 1232 1265 summis
1274 1215 1478 1279 Alpium
1516 1214 1656 1279 iugiS,
1697 1217 1847 1279 quae·

148 1297 300 1346 finem
338 1296 511 1346 Italiae
547 1297 827 1358 terminant,
864 1297 1060 1347 initium
1096 1297 1243 1348 huius
1279 1297 1453 1347 finium
1490 1299 1626 1348 haud
1667 1298 1826 1346 multo

148 1379 261 1442 plus
300 1393 364 1428 cc
405 1378 606 1428 milibus
646 1396 883 1443 passuum
924 1380 1134 1430 abesset.
1224 1381 1360 1428 hunc
1402 1378 1562 1428 uirum
1605 1387 1655 1428 et
1695 1380 1827 1428 hanc
1850 1394 1871 1433 5

149 1459 402 1524 regionem
461 1461 687 1525 proximo
732 1478 868 1511 anno
914 1461 1122 1512 diuersis
1169 1478 1198 1511 e
1247 1460 1469 1525 partibus
1516 1460 1592 1510 Ti.
1645 1462 1828 1512 Caesar

23 1544 27 1596 1
76 1558 127 1600 ¹5
149 1541 354 1606 adgredi
377 1542 559 1592 statuit.
610 1542 783 1593 Sentio
807 1543 1073 1594 Saturnino
1098 1545 1405 1604 mandatum,
1427 1552 1481 1592 ut
1505 1559 1592 1606 per
1617 1543 1827 1594 Chattos

147 1622 324 1673 excisis
348 1623 721 1674 continentibus
747 1624 1031 1688 Hercyniae
1055 1624 1191 1674 siluis
1216 1623 1436 1688 legiones
1462 1624 1826 1674 Boiohaemum

148 1704 222 1771 (id
258 1704 460 1769 regioni,
492 1722 644 1769 quam
679 1705 931 1756 incolebat
966 1706 1327 1766 Maroboduus,
1362 1722 1548 1755 nomen
1578 1704 1688 1771 est),
1720 1705 1826 1769 ipse

145 1802 177 1835 a
200 1786 473 1846 CarnuntO,
500 1786 587 1851 qui
615 1788 755 1837 locus
792 1787 964 1837 Norici
999 1786 1137 1852 regni
1171 1786 1423 1851 proximus
1458 1787 1524 1836 ab
1560 1789 1655 1837 hac
1688 1797 1827 1852 parte

146 1878 264 1928 erat,
294 1867 578 1928 exercitum,
612 1868 700 1933 qui
735 1868 786 1918 in
825 1868 1022 1933 Illyrico
1059 1869 1294 1929 merebat,
1326 1869 1509 1918 ducere
1544 1868 1595 1918 in
1634 1871 1827 1919 Marco-

19 1992 23 2024 ἲ
71 1969 124 1999 ιο
148 1967 359 2000 mannos
383 1967 524 2000 orsus
548 1960 636 2000 est.

217 2030 440 2095 Rumpit,
478 2031 727 2082 interdum
765 2042 983 2082 moratur
1020 2031 1274 2096 proposita
1308 2030 1570 2081 hominum
1612 2033 1822 2082 fortuna.
1847 2050 1936 2085 110

146 2124 521 2178 praeparauerat
561 2113 659 2163 iam
701 2113 910 2164 hiberna
949 2115 1134 2166 Caesar
1168 2115 1234 2164 ad
1274 2112 1566 2163 Danubium
1601 2116 1827 2164 admoto·

146 2212 245 2261 que
277 2195 492 2246 exercitu
525 2213 628 2246 non
661 2198 772 2261 plus
804 2213 955 2261 quam
988 2196 1211 2261 quinque
1243 2195 1436 2246 dierum
1473 2194 1563 2245 iter
1589 2213 1620 2245 a
1654 2196 1824 2261 primis

145 2276 364 2328 hostium
417 2297 441 2323 t
482 2297 507 2323 t
558 2277 878 2328 Saturninum
930 2279 1201 2328 admouere
1252 2278 1300 2327 ei
1350 2278 1615 2342 placuerat,
1665 2295 1825 2342 paene
1849 2298 1868 2326 2

199 2418 228 2458 3
255 2411 474 2458 totumque
492 2406 606 2447 AP:
635 2413 836 2458 totusque
855 2406 1079 2447 Heinsius:
1123 2405 1229 2458 perf.
1253 2411 1403 2447 tutum.
1466 2407 1652 2458 denique
1682 2406 1828 2446 Haase

144 2474 171 2511 4
201 2474 258 2502 Lx
288 2460 363 2502 A:
404 2462 475 2502 ΐί.
506 2460 558 2510 Ρ,
588 2466 634 2502 at
651 2461 789 2501 Burer
815 2468 889 2500 ‘ex
914 2462 1019 2501 uesti
1055 2462 1095 2501 “s
1122 2466 1199 2502 uei.
1231 2460 1315 2501 cod.
1336 2465 1504 2512 apparet
1526 2469 1671 2502 .LXX.
1689 2461 1826 2512 juisse

146 2530 263 2556 emso
283 2520 326 2554 Χ
339 2515 576 2569 postenbn’
726 2528 752 2567 5
781 2522 965 2568 quatuor
1030 2515 1074 2555 P
1211 2517 1239 2554 6
1267 2516 1338 2567 opi
1358 2516 1400 2554 A
1547 2528 1597 2555 10
1625 2516 1825 2556 tuebatur

146 2570 324 2613 deletum
356 2576 416 2611 est
444 2573 487 2611 in
518 2571 561 2610 A
594 2575 690 2610 ante
718 2571 947 2611 timebatur
1130 2571 1308 2622 ingrem.
1340 2570 1383 2609 A
1579 2571 1745 2621 pacieb.
1777 2570 1820 2610 A

151 2638 200 2667 12
228 2627 354 2668 huius
385 2625 612 2666 Heinsius:
651 2625 774 2666 cuius
794 2625 910 2666 AB:
950 2625 1043 2665 eius
1071 2624 1115 2665 P
1289 2638 1337 2676 ¹3
1367 2637 1538 2676 passum
1557 2625 1600 2663 A
1774 2638 1823 2675 14

145 2679 239 2723 Tib.
261 2681 325 2725 P:
355 2680 403 2720 T.
424 2681 467 2720 A
641 2692 690 2731 15
719 2680 898 2721 Catthos
926 2678 1016 2719 ΑΡ
1181 2681 1232 2719 16
1262 2680 1576 2720 Botohaemum
1595 2679 1665 2723 A:
1699 2680 1824 2720 Boio-

146 2735 345 2778 hoe-num
364 2734 408 2775 P
420 2750 431 2776 t
465 2736 642 2776 duceret
661 2734 756 2776 add.
781 2734 970 2787 Lrjosc‘us:
1003 2739 1099 2787 post
1117 2734 1231 2787 quod
1245 2734 1433 2775 Dodweu
1451 2734 1647 2774 lacunam
1672 2739 1822 2775 statue-

145 2790 227 2841 bat,
249 2805 334 2844 qua
352 2790 447 2831 belli
460 2791 628 2840 m'eum,
651 2803 774 2841 quem
793 2803 890 2829 cum
910 2788 1166 2829 Maroboduo
1185 2789 1223 2829 T
1219 2788 1364 2829 :bm'us
1379 2789 1577 2839 habuerit,
1599 2788 1826 2830 <letabundus

145 2846 400 2887 mamum't
420 2847 441 2893 5
463 2858 504 2895 3.
526 2851 573 2897 p.
595 2846 623 2884 6
649 2844 708 2885 ed.
730 2843 996 2884 Krausianae
1204 2844 1253 2884 18
1282 2857 1307 2884 a
1336 2844 1559 2884 Carnunto
1588 2842 1655 2885 P:
1691 2844 1824 2886 Acar-

146 2908 282 2942 nanto
299 2900 393 2950 del„
414 2899 505 2939 dein
524 2905 729 2951 suprascr.
746 2898 826 2940 Ac.
842 2898 1052 2939 arnumho
1066 2898 1108 2938 A
1282 2911 1332 2950 19
1360 2898 1538 2939 duceret
1557 2898 1599 2938 A
1768 2912 1818 2940 21

146 2955 230 2997 iter
257 2957 357 2997 dum
385 2954 459 2995 A:
494 2954 673 3006 Rumpit
701 2953 927 3003 interdum,
961 2953 1174 2994 interdum
1205 2966 1256 2994 m.
1287 2952 1513 2994 Heinsius:
1548 2951 1604 2995 R.
1630 2953 1706 2996 int.
1736 2967 1823 2995 ma-

146 3016 286 3053 turata
316 3023 378 3063 pr.
417 3009 697 3049 Warburton:
752 3012 904 3049 orta-m
933 3008 1078 3049 itidem
1298 3021 1352 3059 24
1380 3008 1528 3049 aberat
1556 3014 1601 3049 et
1629 3008 1823 3061 legiones

145 3066 273 3107 etiam
303 3077 412 3118 quas
443 3063 647 3116 suppleuit
724 3067 827 3117 aupe
1043 3062 1278 3104 admouere
1310 3064 1349 3103 ei
1384 3061 1560 3116 Haupt:
1600 3064 1822 3105 admoueri

145 3119 237 3162 ΑΡ
397 3131 523 3173 pene
542 3130 609 3171 eq.
632 3117 676 3158 A

940 3193 1015 3237 ¹¹9
