2014 3392
685 215 942 262 VELLEI
981 215 1382 265 PATERCVLI

160 371 181 409 5
207 354 257 402 in
277 354 440 417 ipsum
463 353 628 417 potius
654 354 863 404 saeuiret
887 371 1037 418 quam
1069 354 1120 404 in
1149 372 1253 404 rem
1284 355 1550 419 publicam.
1624 372 1751 419 quae
1776 373 1874 406 uox

208 434 362 484 ueluti
394 437 594 484 oraculo
626 436 806 485 emissa
840 453 1019 499 magna
1042 445 1179 500 parte
1211 453 1326 486 eum
1360 437 1590 501 spoliauit
1622 437 1873 500 sanguinis

209 516 313 565 sui:
350 533 467 566 nam
491 519 699 566 alterum
724 534 784 566 ex
808 517 922 578 suis,
950 534 1076 581 quos
1105 517 1156 566 in
1188 518 1373 567 familia
1404 519 1681 578 retinuerat,
1709 519 1874 568 liberis

207 607 322 646 ante
356 614 542 661 paucos
579 598 828 661 triumphi,
868 601 1077 648 alterum
1112 608 1226 662 post
1260 599 1516 663 pauciores
1552 600 1716 649 amisit
1751 600 1870 650 dies.

160 692 184 731 6
207 695 379 742 aspera
402 679 531 728 circa
555 681 678 728 haec
703 689 927 742 tempora
951 697 1159 729 censura
1191 681 1337 730 Fului
1370 681 1535 730 Flacci
1559 691 1607 730 et
1633 681 1875 730 Postumii
1899 702 1920 742 5
1999 670 2009 741 ζ

208 759 380 808 Albini
403 760 494 808 fuit
514 779 523 808 ε
561 760 746 824 quippe
767 760 912 810 Fului
936 761 1153 811 censoris
1178 763 1336 823 frater,
1359 771 1407 811 et
1426 763 1630 826 quidem
1655 780 1872 822 consors,

209 843 299 891 Cn.
330 841 533 890 Fuluius
559 851 732 890 senatu
758 851 922 891 motus
948 851 1021 891 est
1045 843 1109 891 ab
1133 842 1191 892 iis
1217 843 1517 893 censoribus.

139 935 185 969 11
275 926 394 972 Post
418 923 607 971 uictum
643 932 944 987 captumque
974 927 1170 985 Persen,
1199 925 1285 988 qui
1321 925 1647 989 quadriennio
1679 934 1792 988 post
1824 925 1875 973 in

207 1004 360 1053 libera
394 1004 621 1053 custodia
644 1005 805 1054 Albae
829 1005 1054 1065 decessit,
1083 1006 1535 1070 Pseudophilippus
1559 1025 1589 1055 a
1613 1006 1876 1056 mendacio
1997 1005 2010 1074 '-

208 1085 464 1134 simulatae
506 1085 705 1149 originis
746 1088 1035 1149 appellatus,
1069 1086 1155 1150 qui
1196 1104 1250 1136 se
1291 1087 1579 1151 Philippum
1616 1088 1876 1151 regiaeque
1903 1108 1952 1136 10
1990 1078 2010 1158 P

208 1167 368 1230 stirpis
415 1167 615 1227 ferebat,
656 1184 772 1216 cum
814 1177 942 1217 esset
983 1168 1200 1229 ultimae,
1239 1169 1387 1218 armis
1428 1178 1670 1232 occupata
1713 1171 1877 1218 Mace·
1992 1181 2009 1227 ξ

208 1248 372 1308 donia,
399 1248 675 1312 adsumptis
710 1249 848 1312 regni
876 1249 1166 1313 insignibus,
1193 1250 1334 1299 breui
1368 1250 1654 1300 temeritatis
1690 1267 1877 1314 poenas
2000 1251 2010 1279 ³

164 1351 183 1377 2
209 1330 375 1379 dedit:
413 1330 598 1393 quippe
623 1332 684 1392 Q.
716 1333 950 1380 Metellus
982 1340 1190 1395 praetor,
1218 1331 1299 1381 cui
1334 1349 1394 1381 ex
1428 1332 1610 1381 uirtute
1644 1333 1879 1381 Macedo·
2000 1334 2009 1394 ,¹

210 1411 308 1460 nici
332 1428 517 1460 nomen
541 1411 756 1461 inditum
781 1417 810 1464 †
826 1422 941 1473 erat,
968 1415 1217 1476 praeclara
1240 1413 1447 1463 uictoria
1475 1414 1638 1477 ipsum
1662 1422 1879 1477 gentem·
1994 1397 2014 1503 Ξ

210 1510 307 1556 que
332 1493 594 1556 superauit,
621 1503 670 1543 et
694 1494 882 1543 inmani
906 1494 1055 1543 etiam
1079 1496 1309 1545 Achaeos
1338 1496 1574 1545 rebellare
1598 1495 1878 1558 incipientis
1906 1515 1952 1556 15
2013 1533 2014 1536 η

165 1588 187 1625 3
209 1574 336 1623 fudit
376 1574 494 1624 acie.
568 1575 650 1624 hic
692 1585 765 1625 est
809 1578 1042 1625 Metellus
1086 1577 1461 1637 Macedonicus,
1512 1577 1599 1641 qui
1643 1576 1876 1640 porticus,
1993 1506 2011 1687 P

211 1672 338 1718 quae
370 1657 567 1705 fuerunt
603 1656 937 1707 circumdatae
973 1658 1168 1707 duabus
1193 1658 1402 1708 aedibus
1427 1658 1534 1708 sine
1558 1658 1878 1722 inscriptione

209 1737 396 1800 positis,
435 1754 563 1800 quae
598 1755 733 1787 nunc
770 1738 1009 1788 Octauiae
1044 1739 1316 1802 porticibus
1352 1739 1650 1800 ambiuntur,
1682 1741 1876 1798 fecerat,
1992 1732 2014 1747 ‘¹

210 1818 396 1882 quique
432 1820 562 1868 hanc
597 1828 810 1868 turmam
840 1829 1110 1869 statuarum
1147 1820 1463 1883 equestrium,
1502 1837 1631 1884 quae
1665 1822 1879 1869 frontem

210 1900 411 1949 aedium
470 1908 709 1963 spectant,
759 1892 1011 1964 hodieque
1058 1901 1330 1951 maximum
1377 1910 1726 1951 ornamentum
1773 1900 1878 1950 eius
1906 1923 1956 1949 20
1987 1910 2007 1949 ἡ

161 1999 188 2037 4
210 1980 320 2041 loci,
362 1998 422 2029 ex
464 1981 767 2030 Macedonia
813 1982 1003 2031 detulit.
1094 1982 1234 2032 cuius
1276 1991 1467 2032 turmae
1508 1985 1638 2032 hanc
1679 1999 1879 2031 causam

210 2064 438 2122 referunt,
479 2064 722 2126 Magnum
760 2065 1099 2113 Alexandrum
1130 2063 1419 2128 impetrasse
1454 2081 1484 2113 a
1520 2063 1751 2128 LysippO,
1788 2062 1882 2112 sin-

209 2142 363 2206 gulari
401 2142 573 2191 talium
613 2152 815 2193 auctore
856 2161 1077 2207 operum,
1118 2154 1173 2193 ut
1214 2162 1386 2194 eorum
1425 2144 1662 2208 equitum,
1698 2143 1785 2208 qui
1822 2161 1882 2193 ex

210 2225 363 2287 ipsius
405 2233 566 2274 turma
606 2226 741 2288 apud
780 2226 1051 2275 Granicum
1089 2228 1277 2276 flumen
1319 2226 1612 2287 ceciderant,
1654 2242 1881 2289 expressa

211 2305 535 2355 similitudine
567 2307 832 2370 figurarum
868 2309 1050 2357 faceret
1084 2316 1268 2357 statuas
1302 2317 1352 2357 et
1389 2308 1543 2372 ipsius
1583 2324 1785 2371 quoque
1820 2306 1879 2356 iis
1906 2331 1952 2372 25
1988 2330 2014 2345 τ

164 2407 184 2446 5
210 2387 555 2451 interponeret.
610 2387 693 2437 hic
725 2387 860 2437 idem
895 2388 1083 2452 primus
1114 2389 1341 2438 omnium
1376 2392 1571 2438 Romae
1606 2390 1784 2438 aedem
1821 2405 1881 2437 ex

211 2486 454 2518 marmore
489 2469 541 2518 in
573 2469 631 2519 iis
664 2469 782 2533 ipsis
818 2470 1138 2521 monimentis
1172 2471 1373 2521 molitus
1403 2473 1550 2520 huius
1580 2472 1662 2519 uel
1696 2469 1881 2533 magni-

269 2613 287 2638 1
318 2599 505 2638 saeuiret
531 2599 605 2638 A:
648 2599 867 2639 saeuirent
893 2601 937 2639 P
1095 2613 1121 2650 3
1151 2614 1207 2640 ex
1237 2601 1288 2641 iis
1321 2600 1476 2651 Aldus,
1509 2613 1567 2639 an
1600 2600 1741 2639 liberis
1769 2600 1880 2651 glos-

210 2666 324 2692 sema
352 2654 446 2694 est?
597 2665 622 2703 5
654 2654 892 2693 Posthumii
919 2655 962 2694 P
1093 2657 1121 2694 6
1147 2655 1261 2695 {lu-effi·
1287 2656 1364 2694 fuit
1391 2655 1433 2693 A
1507 2666 1514 2670 ·
1603 2655 1629 2693 8
1656 2655 1880 2705 quadrien-

212 2709 283 2747 nio
313 2708 424 2749 BA:
468 2709 798 2758 quadriennium
828 2709 870 2748 P
1067 2723 1096 2760 9
1124 2710 1171 2750 P.
1192 2711 1329 2750 seudo
1357 2709 1574 2761 philippus
1599 2709 1642 2747 A
1830 2720 1879 2748 12

212 2763 446 2813 adsumptis
494 2764 593 2804 coni.
640 2763 802 2804 Burer:
853 2764 1065 2814 adsumpti
1103 2764 1218 2804 AP:
1270 2765 1497 2804 temeratis
1535 2763 1626 2816 (sic)
1673 2769 1877 2815 suprascr.

212 2818 462 2857 temeritatis
480 2818 523 2856 A
678 2831 727 2868 13
758 2818 848 2859 PR.
869 2817 911 2856 A
1068 2831 1117 2868 14
1146 2824 1238 2859 erat
1257 2819 1332 2860 del.
1350 2818 1563 2859 Gelenius:
1594 2823 1659 2858 est
1684 2818 1879 2857 Vossius:

212 2871 425 2911 inditurus
474 2878 566 2911 erat
611 2872 681 2921 (sc.
723 2873 1134 2927 Pseudophilippus)
1181 2873 1446 2913 Mommsen:
1501 2873 1591 2911 indi
1639 2872 1768 2912 fatum
1816 2873 1883 2912 uel

213 2927 468 2966 destinatum
489 2932 581 2966 erat
606 2927 789 2967 Thomas
952 2939 1001 2977 15
1029 2929 1161 2967 imani
1180 2928 1222 2967 A
1244 2942 1255 2968 z
1283 2929 1396 2968 imm.
1417 2928 1461 2967 P
1566 2927 1821 2978 incipientes
1839 2927 1883 2966 P

217 2993 265 3030 17
295 2981 467 3021 fuerunt
504 2980 577 3020 A:
625 2982 744 3021 fuere
781 2982 825 3022 P
1013 2996 1065 3021 22
1099 2983 1335 3033 imperasse
1372 2982 1560 3034 Lysippo
1593 3012 1602 3022 .
1631 3012 1641 3022 .
1675 3012 1684 3022 .
1713 2981 1878 3021 auctori

214 3034 457 3075 Salmasius
482 3039 519 3074 et
541 3036 794 3077 Freinsheim
979 3050 1032 3088 24
1062 3037 1267 3077 Granium
1292 3037 1335 3076 A
1503 3049 1554 3086 27
1586 3049 1768 3077 monum.
1792 3035 1882 3075 ΑΡ

215 3085 340 3130 huius
369 3089 465 3131 add.
487 3089 696 3131 Ruhnken

1021 3166 1072 3196 10
