2014 3392
704 174 962 223 VELLEI
1001 174 1401 223 PATERCVLI

228 327 343 360 nam
378 311 515 374 quod
547 318 720 374 pactae
761 308 866 358 eius
903 308 1123 358 Menelai
1153 317 1302 372 atque
1333 309 1560 358 Helenae
1600 308 1729 358 filiae
1766 312 1891 359 Her-

178 414 203 452 4
230 392 421 441 miones
457 391 653 455 nuptias
689 399 1031 454 occupauerat,
1072 389 1281 453 Delphis
1323 406 1437 439 eum
1478 389 1732 439 interfecit.
1805 408 1892 454 per

230 476 353 523 haec
388 483 612 537 tempora
649 475 816 537 Lydus
852 481 901 522 et
933 474 1215 536 Tyrrhenus
1256 473 1425 521 fratres
1474 489 1589 520 cum
1635 484 1891 535 regnarent

229 555 280 604 in
318 555 488 619 Lydia,
516 554 766 604 sterilitate
797 556 991 617 frugum
1025 552 1268 616 compulsi
1301 552 1457 602 sortiti
1489 562 1604 602 sunt
1639 563 1747 602 uter
1778 570 1891 602 curn

227 646 365 700 parte
406 636 735 686 multitudinis
767 635 923 700 patria
955 636 1229 684 decederet.
1304 651 1407 684 sors
1443 636 1754 698 Tyrrhenum
1780 652 1894 683 con-
1918 656 1939 695 5

230 718 336 782 tigit
359 738 368 768 :
405 728 666 782 peruectus
698 718 750 767 in
776 717 972 767 Italiam
1002 727 1050 767 et
1082 720 1194 767 1000
1220 727 1268 766 et
1297 717 1472 767 incolis
1502 727 1550 767 et
1575 718 1696 767 mari
1725 719 1893 767 nobile

227 816 287 848 ac
310 808 604 863 perpetuum
628 816 659 848 a
682 816 735 848 se
763 815 949 848 nomen
974 798 1125 847 dedit.
1197 807 1310 861 post
1335 797 1523 847 Orestis
1541 797 1791 848 interitum
1808 798 1894 846 filii

230 878 334 928 eius
365 879 622 929 Penthilus
655 888 704 928 et
733 878 1029 928 Tisamenus
1061 895 1329 942 regnauere
1361 878 1586 928 triennio.

173 977 204 1013 2
297 962 430 1008 Tum
449 961 549 1009 fere
567 976 701 1009 anno
720 958 1025 1023 octogesimo
1044 968 1157 1022 post
1173 959 1374 1009 Troiam
1394 969 1603 1023 captam,
1622 961 1894 1010 centesimo

228 1049 277 1089 et
318 1039 557 1089 uicesimo
605 1057 755 1103 quam
798 1041 1044 1089 Hercules
1090 1041 1156 1089 ad
1203 1041 1324 1089 deos
1366 1049 1651 1101 excesserat,
1696 1041 1894 1104 Pelopis
1924 1062 1970 1089 10

227 1120 501 1184 progenies,
529 1137 657 1184 quae
692 1119 831 1169 omni
866 1122 964 1169 hoc
999 1129 1223 1183 tempore
1256 1121 1411 1184 pulsis
1442 1122 1723 1172 Heraclidis
1757 1125 1895 1172 Pelo-

227 1202 439 1266 ponnesi
454 1202 716 1266 imperium
732 1202 1026 1263 obtinuerat,
1044 1203 1108 1252 ab
1126 1203 1359 1253 Herculis
1374 1204 1608 1267 progenie
1624 1205 1891 1268 expellitur.

230 1286 383 1334 duces
430 1283 755 1347 recuperandi
807 1283 983 1348 imperi
1031 1286 1167 1334 fuere
1221 1287 1489 1346 Temenus,
1541 1287 1892 1350 Cresphontes,

228 1365 588 1426 Aristodemus,
615 1382 827 1429 quorum
859 1366 1049 1416 abauus
1081 1368 1249 1416 fuerat.
1323 1368 1503 1417 eodem
1538 1369 1638 1417 fere
1673 1376 1896 1432 tempore

229 1449 458 1496 Athenae
494 1447 587 1496 sub
623 1447 819 1511 regibus
861 1464 969 1497 esse
1010 1447 1275 1509 desierunt,
1319 1465 1528 1512 quarum
1570 1449 1772 1499 ultimus
1814 1467 1896 1500 rex
1924 1469 1969 1508 15
2010 1453 2014 1516 ᾗ

227 1528 319 1578 fuit
345 1530 554 1590 Codrus,
583 1529 830 1578 Melanthi
854 1529 997 1590 filius,
1024 1529 1099 1578 uir
1122 1547 1226 1580 non
1250 1532 1649 1594 praetereundus.
1712 1531 1896 1595 quippe

229 1627 343 1660 cum
381 1610 767 1660 Lacedaemonii
805 1610 942 1674 graui
982 1611 1115 1661 bello
1150 1611 1344 1662 Atticos
1385 1621 1664 1676 premerent
1700 1630 1898 1676 respon-

230 1691 483 1756 dissetque
507 1692 727 1756 Pythius,
755 1709 967 1756 quorum
1000 1694 1101 1742 dux
1132 1694 1196 1742 ab
1232 1695 1376 1743 hoste
1411 1703 1540 1743 esset
1575 1693 1783 1755 occisus,
1811 1711 1896 1743 eos

228 1775 417 1823 futuros
453 1773 742 1837 superiores,
778 1773 1004 1837 deposita
1037 1783 1176 1824 ueste
1211 1775 1343 1839 regia
1376 1778 1672 1839 pastoralem
1708 1778 1911 1833 cultum,

229 1854 404 1915 induit,
425 1853 778 1919 immixtusque
802 1855 970 1905 castris
994 1857 1228 1917 hostium,
1255 1858 1319 1906 de
1343 1856 1583 1907 industria
1605 1857 1758 1906 rixam
1784 1874 1898 1907 con·
1923 1876 1973 1905 20

185 1960 204 1987 2
230 1936 365 1986 ciens
406 1937 728 2000 inprudenter
767 1937 1091 2001 interemptus
1134 1946 1219 1987 est.
1311 1940 1535 1989 Codrum
1583 1956 1698 1988 cum
1739 1949 1897 1989 morte

229 2027 429 2067 aeterna
459 2018 625 2082 gloria,
663 2019 995 2069 Athenienses
1031 2029 1201 2069 secuta
1235 2019 1442 2070 uictoria
1476 2030 1562 2070 est.
1635 2020 1746 2084 quis
1782 2038 1895 2070 eum

230 2117 333 2149 non
369 2100 584 2161 miretur,
611 2100 697 2164 qui
732 2100 808 2150 his
844 2100 1030 2151 artibus
1066 2110 1277 2151 mortem
1313 2101 1589 2166 quaesierit,
1617 2102 1797 2166 quibus
1833 2103 1896 2151 ab

230 2181 422 2245 ignauis
464 2181 567 2231 uita
618 2182 787 2246 quaeri
842 2185 1007 2232 solet?
1098 2183 1244 2233 huius
1291 2183 1420 2233 filius
1469 2186 1662 2234 Medon
1708 2183 1895 2248 primus
2003 2165 2008 2246 f

230 2265 418 2312 archon
459 2263 669 2313 Athenis
716 2264 820 2313 fuit.
893 2265 957 2313 ab
998 2266 1096 2314 hoc
1142 2264 1326 2328 posteri
1366 2267 1500 2329 apud
1541 2265 1735 2315 Atticos
1777 2265 1896 2315 dicti
1923 2286 1970 2327 25

231 2344 560 2394 Medontidae
587 2364 597 2394 z
668 2347 757 2395 sed
814 2344 896 2394 hic
947 2345 1365 2410 insequentesque
1421 2348 1682 2396 archontes
1739 2363 1898 2410 usque
2002 2347 2006 2447 i

230 2427 295 2475 ad
334 2427 631 2490 Charopem,
675 2428 797 2476 dum
843 2426 1082 2488 uiuerent,
1127 2445 1242 2477 eum
1289 2429 1531 2478 honorem
1577 2428 1893 2492 usurpabant.

233 2507 584 2571 Peloponnesii
622 2507 953 2572 digredientes
991 2509 1173 2559 finibus
1209 2509 1386 2561 Atticis
1424 2512 1640 2573 Megara,
1679 2510 1894 2560 mediam

291 2648 309 2674 1
342 2635 383 2675 ei
402 2635 546 2675 Aldus
690 2648 715 2686 5
745 2649 802 2675 an
821 2637 1083 2687 Tyrrheno?
1230 2641 1256 2679 8
1285 2637 1519 2678 Penthelus
1538 2638 1590 2690 P,
1614 2652 1692 2678 em.
1721 2637 1896 2678 Vrsinus

236 2702 285 2740 13
315 2690 483 2740 imperii
502 2691 544 2729 P
677 2691 881 2731 Teminus
899 2692 943 2731 P
1153 2706 1202 2742 14
1230 2693 1392 2733 abauus
1421 2692 1630 2745 Scaliger:
1674 2698 1826 2732 atauus
1858 2694 1899 2732 P

231 2744 320 2783 sere
339 2745 382 2783 B
398 2759 407 2785 :
438 2745 572 2784 ferme
590 2746 634 2784 P
753 2759 808 2785 20
836 2747 889 2785 de
909 2746 1117 2786 industria
1136 2748 1428 2798 imprudenter
1447 2748 1704 2787 rixanincies
1725 2747 1892 2797 (rixam.

233 2799 350 2838 ncies
369 2799 427 2852 B)
444 2799 527 2839 PB
544 2814 554 2840 :
582 2801 715 2839 rixam
736 2801 854 2840 ciens
873 2800 1034 2840 Burer:
1074 2815 1106 2842 r.
1130 2802 1324 2842 iniiciens
1344 2802 1604 2841 Rhenanus:
1643 2815 1675 2841 r.
1696 2802 1895 2841 conciens

231 2853 394 2904 scripsi:
441 2854 734 2904 imprudenter
759 2854 979 2895 Aa‘dalius
1006 2857 1263 2907 transposuit
1294 2860 1389 2897 ante
1421 2857 1729 2906 interemptus:
1772 2856 1901 2895 Orelli

232 2908 424 2946 scribebat
451 2908 550 2959 imp.
581 2909 635 2948 de
666 2910 751 2950 ind.
787 2923 821 2951 r.
856 2910 976 2950 ciens
1007 2911 1287 2962 interemptus
1319 2916 1385 2950 est
1604 2923 1655 2960 23
1686 2910 1736 2949 iis
1771 2911 1901 2950 Orelli

234 2961 560 3066 ῗαὸεέἐξὸῗῃιιῖξιιε
579 2977 589 3003 :
616 2964 675 3003 hii
697 2965 738 3004 P
909 2967 963 3005 28
993 2964 1278 3017 Peloponnesi
1295 2965 1339 3006 P
1474 2964 1650 3015 Megara
1667 2965 1894 3005 Heinsius:

1060 3117 1081 3150 2
