2014 3392
744 198 1003 246 VELLEI
1039 195 1440 247 PATERCVLI

259 349 308 389 et
333 338 492 389 Fanni
516 349 564 388 et
589 338 728 388 Serui
753 339 943 388 Galbae
975 336 1201 400 dixerim)
1226 335 1294 385 ita
1324 335 1556 385 uniuersa
1578 335 1671 385 sub
1704 335 1925 399 principe

260 420 422 484 operis
448 420 523 470 sui
548 420 707 484 erupit
736 419 917 479 Tullio,
945 428 999 467 ut
1032 417 1265 467 delectari
1299 426 1415 466 ante
1452 434 1568 466 eum
1600 416 1922 479 paucissimis,

259 501 423 551 mirari
447 519 566 552 uero
591 501 843 551 neminem
872 499 1031 563 possis
1064 498 1159 548 nisi
1189 507 1274 547 aut
1305 498 1369 547 ab
1401 497 1486 547 illo
1518 497 1681 546 uisum
1718 506 1804 546 aut
1841 497 1926 561 qui

210 601 231 636 4
260 583 398 632 illum
423 583 614 632 uiderit.
688 584 786 631 hoc
823 581 957 630 idem
992 580 1218 629 euenisse
1250 578 1593 643 grammaticis,
1619 577 1803 642 plastis,
1829 578 1928 641 pic-

258 664 461 725 toribus,
511 663 952 727 scalptoribusque,
989 671 1045 710 ut
1102 660 1312 724 quisque
1368 669 1650 724 temporum
1701 659 1929 708 institerit
2004 652 2014 681 ³

259 745 404 807 notis,
431 746 653 810 reperiet,
693 743 1013 795 eminentiam
1049 742 1289 805 cuiusque
1324 741 1486 805 operis
1521 740 1774 790 artissimis
1810 750 1929 790 tem-

212 847 234 887 5
257 844 435 891 porum
461 827 686 876 claustris
720 825 1089 875 circumdatam.
1161 823 1308 872 huius
1333 840 1449 887 ergo
1477 822 1854 886 recedentisque
1878 823 1927 871 in

260 912 513 959 saeculum
538 909 848 974 ingeniorum
879 907 1213 958 similitudinis
1246 906 1687 970 congregantisque
1720 922 1773 954 se
1805 915 1854 954 et
1878 905 1928 953 in

260 991 480 1041 studium
504 1009 592 1055 par
624 1001 673 1041 et
705 991 757 1040 in
789 992 1184 1040 emolumentum
1209 1006 1381 1038 causas
1406 1006 1521 1038 cum
1546 1005 1693 1052 saepe
1717 987 1926 1051 requiro,

260 1090 535 1137 numquam
573 1073 763 1136 reperio
800 1089 922 1136 quas
960 1089 1069 1121 esse
1106 1088 1247 1120 ueras
1294 1072 1560 1131 confidam,
1598 1071 1687 1119 sed
1724 1072 1930 1119 fortasse

260 1154 364 1204 ueri
396 1154 583 1215 similis,
622 1154 749 1203 inter
784 1170 907 1218 quas
943 1154 1032 1202 has
1068 1152 1293 1201 maxime.
1366 1153 1564 1200 aluntur
1597 1151 1929 1200 aemulatione

259 1237 471 1300 ingenia,
499 1245 548 1286 et
572 1253 707 1285 nunc
731 1234 933 1295 inuidia,
960 1251 1096 1283 nunc
1118 1232 1379 1282 admiratio
1407 1232 1735 1281 imitationem
1759 1249 1931 1282 accen-

211 1328 236 1369 6
259 1319 346 1380 dit,
367 1327 641 1382 naturaque
670 1318 807 1381 quod
832 1333 1029 1366 summo
1054 1314 1220 1365 studio
1244 1314 1454 1378 petitum
1479 1323 1566 1375 est,
1586 1314 1847 1363 adscendit
1878 1314 1929 1362 in

261 1418 527 1460 summum,
563 1398 874 1462 difficilisque
908 1397 961 1446 in
1002 1398 1221 1461 perfecto
1259 1412 1399 1445 mora
1435 1404 1522 1455 est,
1550 1394 1930 1458 naturaliterque

217 1510 238 1552 7
261 1483 401 1546 quod
424 1482 694 1545 procedere
726 1496 829 1529 non
860 1488 1039 1543 potest,
1066 1477 1264 1528 recedit.
1338 1486 1387 1526 et
1410 1485 1465 1525 ut
1488 1476 1649 1540 primo
1673 1478 1738 1526 ad
1762 1493 1932 1526 conse-

261 1565 490 1629 quendos
537 1578 664 1626 quos
710 1560 896 1624 priores
944 1559 1173 1609 ducimus
1219 1557 1552 1618 accendimur,
1602 1557 1670 1606 ita
1715 1557 1802 1607 ubi
1848 1568 1932 1607 aut

259 1644 510 1710 praeteriri
533 1653 618 1693 aut
641 1641 842 1707 aequari
867 1659 953 1691 eos
978 1658 1125 1705 posse
1157 1639 1544 1703 desperauimus,
1572 1639 1791 1689 studium
1816 1656 1931 1688 cum

1959 1088 2009 1133 io

1961 1488 2014 1538 1513

261 1744 349 1791 spe
385 1724 611 1785 senescit,
639 1733 688 1773 et
723 1725 862 1787 quod
896 1722 1105 1786 adsequi
1140 1739 1243 1771 non
1279 1730 1456 1785 potest,
1491 1720 1632 1784 sequi
1667 1720 1848 1770 desinit
1884 1732 1932 1770 et
2007 1785 2011 1789 .

260 1811 398 1859 uelut
423 1815 717 1870 occupatam
747 1805 1030 1869 relinquens
1063 1802 1317 1852 materiam
1350 1801 1540 1866 quaerit
1572 1819 1772 1863 nouam,
1798 1819 1932 1866 prae-

260 1890 505 1954 teritoque
530 1906 605 1949 eo,
631 1888 683 1937 in
708 1905 810 1951 quo
835 1886 1052 1937 eminere
1083 1902 1186 1935 non
1219 1901 1498 1948 possumus,
1524 1883 1727 1948 aliquid,
1753 1883 1804 1933 in
1830 1901 1931 1948 quo

318 2033 338 2059 1
373 2018 524 2058 Fannii
558 2017 673 2056 ΒΑ.
718 2016 853 2055 Fauni
883 2016 927 2055 P
1123 2025 1149 2065 5
1178 2014 1501 2065 scalptoribusq.
1540 2013 1607 2053 uis
1644 2013 1782 2064 quisq.
1814 2013 1930 2053 BA:

261 2073 543 2125 scalptoribus
564 2072 755 2122 quisquis
770 2072 835 2110 Ρ.
865 2084 898 2110 5.
922 2076 969 2110 ut
989 2071 1170 2121 quisque
1191 2070 1330 2108 Burer
1437 2070 1465 2106 6
1493 2068 1679 2119 reperiet
1698 2068 1930 2108 eminentia

262 2130 377 2169 BA:
417 2128 608 2178 reperiet
633 2131 677 2165 et
701 2126 974 2165 eminentiam
1000 2126 1044 2165 P
1206 2137 1229 2175 7
1259 2123 1563 2163 circumdatam
1588 2123 1717 2162 ΡΑΒ
1825 2124 1928 2162 emi-

262 2184 439 2223 nentia.
495 2182 788 2222 ,circumdata
815 2181 1024 2220 Ruhnken
1226 2178 1554 2265 recsedentisque
1582 2178 1626 2216 in
1655 2178 1870 2217 saeculum
1900 2179 1925 2218 i.

1369 2239 1554 2273 recentisq-

261 2278 551 2320 similitudinis
572 2277 960 2341 congregantisque
973 2290 1021 2316 se
1041 2275 1244 2315 Thomas,
1268 2274 1930 2324 feseedeffffflnq-saeeulaeuffl

261 2335 352 2384 (sic)
375 2333 621 2373 saeculum
610 2333 878 2382 ingeniorum
900 2330 1198 2371 similitudines
1220 2336 1619 2380 congregantesque
1634 2342 1682 2368 se
1696 2330 1770 2368 A.
1813 2342 1930 2369 rece·

262 2389 401 2429 dentis
431 2387 682 2438 mq.secul1·1
713 2387 737 2426 i.
766 2386 1066 2426 similitudines
1096 2390 1491 2435 congregantesque
1520 2397 1568 2423 se
1588 2384 1655 2422 B:
1685 2385 1724 2424 h.
1749 2397 1785 2423 e.
1808 2397 1928 2434 prae-

263 2444 539 2493 cedentisque
569 2442 699 2481 seculi
728 2442 756 2480 i.
784 2441 1082 2480 similitudines
1111 2439 1410 2490 congregantis
1439 2445 1482 2478 et
1510 2439 1554 2477 in
1574 2451 1606 2478 s.
1629 2451 1670 2489 p.
1692 2444 1735 2477 et
1754 2439 1780 2479 i.
1802 2452 1839 2478 e.
1860 2438 1928 2478 P:

263 2513 296 2538 r.
319 2499 363 2537 in
383 2511 506 2537 suum
536 2497 735 2547 quodque
766 2509 800 2536 s.
831 2496 1014 2548 Maduig
1044 2495 1260 2549 (quodque
1287 2495 1373 2533 iam
1402 2493 1618 2544 Sauppe).
1669 2505 1702 2533 r.
1724 2494 1767 2533 in
1797 2506 1927 2532 unum

262 2553 385 2604 quasi
414 2552 631 2592 saeculum
664 2551 903 2590 Perizonius
1141 2562 1168 2599 9
1196 2549 1572 2588 memolumentum
1591 2547 1634 2586 Β
1798 2561 1927 2598 saepe

261 2607 468 2659 Maduig:
497 2618 668 2656 semper
686 2605 777 2644 AP
953 2616 998 2644 11
1030 2603 1191 2643 similes
1212 2603 1302 2642 ΑΡ
1406 2603 1508 2642 alita
1527 2602 1813 2642 aemulatione
1835 2602 1926 2653 del„

261 2663 524 2725 suprascript:
556 2661 630 2699 alit
661 2660 821 2709 aemulo
849 2659 923 2698 A:
969 2660 1042 2698 alit
1075 2659 1304 2698 aemulatio
1331 2657 1398 2697 P:
1444 2657 1613 2696 aluntur
1642 2657 1927 2697 aemulatione

261 2717 415 2768 scripsi,
439 2716 519 2766 cf
508 2717 550 2756 1i.
564 2717 629 2756 82.
653 2728 679 2765 4
807 2728 856 2754 12
887 2714 1045 2753 inuidia
1066 2719 1108 2753 et
1129 2726 1240 2753 nunc
1259 2713 1301 2752 A
1414 2712 1708 2751 incitationem
1728 2712 1825 2763 ΑΡ,
1849 2725 1927 2752 em.

262 2771 479 2810 Aa'dalius
619 2783 667 2820 13
698 2775 946 2819 matureque
962 2769 1068 2808 idem
1160 2781 1246 2808 asc.
1266 2766 1357 2806 ΑΡ
1492 2779 1541 2816 14
1559 2742 1929 2859 θᾱὲθ-Ρει-Ῑ-ἰτ-εέεςξὲ

262 2826 520 2877 suprascript.
546 2825 839 2874 naturaliterq.
868 2824 912 2863 A
1156 2834 1205 2873 15
1234 2822 1648 2871 consenquendosA

262 2892 350 2929 quo
378 2879 545 2930 priores
573 2880 765 2919 ducimur
788 2879 831 2918 A
1095 2879 1144 2917 18
1169 2877 1398 2917 se-neeit&
1430 2882 1631 2927 suprascr.
1667 2876 1854 2915 senescit
1878 2823 1928 2914 IA

263 2934 440 2983 adsequi
476 2935 570 2985 quis
596 2934 771 2987 >Scriner
905 2932 1111 2973 desini-t&
1136 2939 1337 2984 suprascr.
1368 2931 1526 2970 desinit
1554 2935 1598 2969 et
1624 2930 1668 2969 A
1874 2943 1927 2968 20

263 2987 412 3039 aliquit
432 2989 473 3027 A
496 3003 505 3027 :
533 2989 646 3028 aliud
667 2988 906 3028 Pen'zonius

1074 3124 1122 3162 18

1959 1898 2014 1939 201
