2014 3444
654 210 658 213 ’
700 235 1244 284 PROLEGOMENA

134 418 355 468 Velleius
362 437 377 480 ς
416 418 463 468 ii.
485 437 561 468 20.
589 436 609 466 1
633 374 706 466 g}
721 419 929 467 exerct‘tti
943 421 1020 467 A:
1052 420 1124 466 ad
1140 419 1396 467 exercitum
1414 420 1467 478 P,
1486 419 1575 467 sed
1596 420 1809 467 Burerus

131 506 392 557 adnotauit
440 507 827 556 Murbacensem
868 506 940 556 sic
974 506 1159 556 habere
1200 515 1255 555 ut
1296 505 1507 555 dubium
1540 505 1639 555 sibi
1679 515 1810 556 esset

131 605 241 644 utra
274 605 404 645 esset
450 595 613 645 uerior
649 594 935 645 lectionum.
1027 596 1206 658 Itaque
1241 611 1301 644 ex
1335 593 1446 658 ipso
1486 593 1810 643 Murbacensi

60 738 62 740 ,
129 684 270 733 fluxit
301 684 562 734 haesitatio
598 684 683 733 illa
718 683 1069 734 Amerbachii:
1118 692 1294 733 contra
1327 700 1389 732 ex
1416 700 1478 733 eo
1508 684 1649 747 quod
1686 682 1738 731 in
1768 685 1808 731 P

129 781 206 822 est
236 773 374 821 nulla
407 772 625 837 suspicio
657 771 907 822 suboritur
940 770 1174 836 ambigue
1205 780 1457 821 exaratum
1490 787 1598 820 esse
1629 772 1728 820 hoc
1756 770 1808 820 in

127 861 243 910 loco
268 861 668 910 Murbacensem.
740 859 851 909 Vtri
874 859 1020 924 igitur
1043 859 1292 910 credimus
1306 862 1329 909 Ρ
1380 859 1732 920 AmerbachiO,
1753 868 1809 909 ut

124 948 304 1012 opinor
323 967 338 1010 ς
373 951 623 999 Rhenano
647 948 810 999 minor
833 950 957 999 fides
981 949 1215 999 habenda
1238 948 1341 998 erit.

193 1038 227 1098 i,
253 1044 277 1086 t
296 1037 343 1087 ii.
373 1052 451 1102 51.
486 1056 505 1087 1
535 1039 791 1087 uirebatur
816 1054 1055 1102 suprascr.
1077 1045 1137 1086 ut
1156 1039 1358 1087 rebatur
1377 1040 1438 1098 A,
1470 1039 1728 1087 uirebatur
1748 1039 1803 1098 P,

125 1127 216 1176 sed
248 1131 260 1152 ‘
275 1126 414 1176 Alias
438 1137 493 1176 ut
516 1127 743 1177 rebatur'
768 1143 917 1191 marg.
947 1129 1002 1188 P,
1030 1134 1088 1176 ut
1106 1128 1309 1176 rebatur
1328 1127 1564 1177 Velleius.

192 1233 240 1275 u,
266 1217 311 1265 ii
336 1215 384 1264 ii.
413 1218 492 1277 84.
522 1233 552 1280 3
584 1217 855 1267 Corinthiis
883 1233 1122 1281 suprascr.
1158 1217 1421 1266 Corinthus
1444 1220 1505 1278 A,
1539 1217 1806 1268 Corinthus

124 1303 360 1354 Velleius.

193 1393 292 1443 His
327 1395 533 1444 fortasse
555 1396 847 1445 addendum
877 1395 967 1445 erit
1002 1397 1142 1459 quod
1163 1396 1415 1446 interdum
1433 1395 1485 1445 in
1521 1398 1569 1445 A
1596 1395 1804 1460 repperi,

122 1492 179 1532 ut
200 1489 250 1531 et
274 1499 364 1547 per
393 1486 436 1547 ᾀ·
470 1483 846 1548 compendiario
882 1483 1197 1548 significetur,
1237 1486 1375 1534 uelut
1406 1484 1436 1534 i.
1482 1501 1555 1546 14.
1595 1502 1620 1533 2
1646 1486 1804 1547 sdw'na

122 1588 361 1636 suprascr.
391 1574 561 1634 setina,
591 1572 640 1622 ii.
678 1591 751 1622 10.
794 1591 820 1622 2
852 1575 1028 1636 nod-ur
1050 1590 1142 1638 pro
1180 1571 1429 1640 no(t)elur.
1505 1575 1639 1624 Illud
1671 1590 1805 1624 com-

121 1659 362 1724 pendium
386 1671 511 1725 puto
527 1661 919 1711 Amerbachium
935 1679 996 1712 ex
1009 1662 1119 1727 ipso
1146 1662 1469 1713 Murbacensi
1503 1662 1774 1727 sumpsisse
1792 1680 1806 1724 3

121 1758 318 1799 constat
352 1749 487 1799 enim
526 1749 578 1799 in
616 1749 965 1801 uetustissimis
1003 1750 1057 1801 id
1094 1751 1355 1802 codicibus
1387 1751 1800 1816 frequentissime,

121 1846 236 1901 post
259 1854 386 1888 saec.
413 1838 479 1888 xii
502 1838 656 1889 rarius
680 1839 944 1903 prouenire
958 1838 988 1889 ¹.

189 1940 233 1991 5.
271 1926 437 1978 Venio
454 1929 520 1978 ad
544 1928 962 1993 orthographiam,
980 1946 1081 1993 qua
1098 1946 1199 1979 una
1216 1947 1268 1980 re
1287 1929 1514 1980 omnium
1530 1929 1802 1980 certissime

118 2014 488 2066 demonstratur
515 2017 815 2081 praestantia
842 2018 1231 2068 Amerbachiani
1258 2019 1544 2084 apographi.
1617 2022 1686 2070 Vt
1709 2020 1804 2085 pri-

120 2119 259 2154 mum
282 2106 493 2170 allegem
518 2108 658 2170 quod
680 2106 1004 2172 praecipuum
1029 2118 1118 2169 est,
1143 2108 1327 2158 absunt
1350 2108 1402 2158 in
1422 2108 1711 2159 uniuersum
1735 2110 1801 2159 ab

118 2194 167 2242 A
201 2194 402 2258 pluralis
438 2195 734 2245 nominatiui
768 2195 1141 2261 accusatiuique
1176 2196 1228 2246 in
1263 2199 1347 2247 —eis
1386 2207 1637 2259 exeunteS,
1672 2215 1801 2263 quae

117 2282 291 2343 forma,
318 2283 478 2333 Vellei
513 2300 643 2334 aeuo
675 2284 776 2333 iarn
810 2284 1147 2346 obsolescenS,
1186 2286 1431 2336 rarissime
1462 2286 1716 2337 inuenitur
1746 2287 1798 2337 in

117 2370 378 2422 codicibus
402 2372 488 2437 qui
512 2375 578 2423 ad
603 2390 696 2423 nos
720 2374 1015 2438 scriptorum
1040 2374 1245 2426 Tiberio
1269 2378 1350 2426 uel
1375 2378 1604 2440 Augusto
1622 2394 1800 2442 aequa-

115 2458 239 2510 lium
261 2460 592 2526 antiquissimi
617 2463 997 2513 descenderunt.
1059 2466 1127 2513 At
1151 2463 1203 2514 in
1229 2467 1268 2514 P
1293 2475 1579 2516 constanter
1602 2467 1703 2516 fere
1727 2466 1799 2517 sic

116 2548 284 2613 scripti
310 2560 455 2599 sunt:
492 2549 726 2601 uidelicet
750 2544 962 2602 credidit
987 2569 1046 2602 ea
1069 2562 1205 2603 aetas
1232 2552 1380 2619 (saec,
1408 2553 1509 2620 xvi>
1535 2554 1606 2604 sic
1629 2540 1797 2619 potius

114 2637 367 2703 scripsisse
390 2638 477 2703 qui
501 2638 661 2703 prima
682 2642 910 2705 exempla
933 2642 1111 2691 horum
1137 2642 1408 2693 ediderant.

182 2725 314 2777 Vide
348 2744 479 2792 quae
514 2729 579 2778 de
603 2729 698 2778 hac
733 2745 785 2779 re
808 2729 1057 2794 congessit
1090 2732 1250 2792 Neue,
1277 2731 1528 2796 suppleuit
1553 2735 1797 2798 Wagener

114 2815 451 2865 Formenlehre
482 2815 511 2865 i.
539 2833 621 2881 pp.
653 2832 814 2882 245-2
821 2820 885 2882 58
910 2819 987 2869 ed.
1015 2818 1199 2870 tertiae.
1275 2822 1394 2870 Non
1427 2838 1602 2872 uereor
1629 2821 1794 2874 dicere

170 2967 182 2992 ¹
216 2967 418 3008 Recurrit
444 2974 587 3008 tamen
619 2970 660 3009 in
691 2969 785 3011 cod.
821 2969 1058 3011 Bodleiano
1097 2970 1205 3012 Stati
1239 2970 1452 3012 Siluarum
1492 2972 1688 3024 (Bai-low
1715 2976 1788 3028 23)

59 3053 61 3060 ·
111 3045 226 3076 uec.
247 3047 305 3075 xv
323 3034 539 3078 exeuntis.

908 3114 981 3153 xxi
