2014 3392
801 249 1019 298 LIBER
1052 250 1108 299 ΙΙ

193 390 503 438 Praeclarum
550 387 833 438 excellentis
872 387 966 444 uiti
1010 389 1198 438 factum
1245 389 1302 440 C.
1347 389 1486 439 Senti
1541 388 1792 440 Saturnini
1816 399 1887 448 92

122 470 253 519 ciroe
287 487 348 519 m
386 479 612 533 tempora
647 468 865 519 consulis
905 485 970 519 ne
1009 470 1262 519 fraudetur
1298 470 1550 520 memoria.
1622 471 1793 520 aberat
1817 494 1837 522 2

123 550 217 620 [in]
264 551 554 602 ordinandis
599 550 749 601 Asiae
794 551 1113 616 Orientisque
1158 552 1306 602 rebus
1347 554 1544 614 Caesar,
1588 553 1795 603 circum-

121 636 283 684 ferens
317 644 554 684 terrarum
585 632 694 683 orbi
724 632 1002 696 praesentia
1029 650 1118 683 sua
1147 633 1284 698 pacis
1313 651 1432 683 suae
1464 634 1610 684 bona.
1683 644 1791 684 tum

75 731 99 772 5
122 716 334 777 SentiuS,
359 717 486 766 forte
515 724 566 765 et
600 717 735 765 solus
769 724 819 765 et
849 715 1056 766 absente
1089 717 1302 767 Caesare
1332 719 1523 778 consul,
1549 734 1665 766 cum
1697 717 1794 767 alia

120 797 282 863 prisca
326 796 587 847 seueritate
632 813 928 861 summaque
974 797 1266 859 constantia,
1314 808 1482 849 uetere
1528 802 1792 849 consulum

122 898 260 931 more
293 887 436 943 atquc
468 878 744 943 asperitate,
780 879 1024 943 gessisset,
1060 881 1375 944 protraxisset
1411 881 1793 945 publicanorum

120 963 319 1024 fraudiS,
344 962 567 1027 punisset
589 962 861 1023 auaritiam,
886 963 1169 1027 regessisset
1203 963 1255 1012 in
1286 964 1528 1014 aerarium
1555 965 1793 1028 pecunias

119 1045 359 1110 publioes,
397 1054 504 1094 tum
541 1043 593 1092 in
634 1043 848 1094 comitiis
888 1044 1133 1094 habendis
1172 1045 1494 1110 praecipuum
1536 1045 1634 1110 egit
1680 1063 1798 1096 con-

46 1144 99 1176 ιο
121 1129 311 1177 sulem:
368 1143 486 1175 nam
526 1135 576 1175 et
613 1134 926 1190 quaesturam
964 1125 1192 1190 petentiS‚
1232 1143 1359 1191 quos
1400 1114 1632 1191 indignos
1672 1126 1797 1177 iudi-
1820 1140 1843 1180 3

121 1207 268 1268 oeuit,
293 1206 510 1272 profiteri
546 1206 718 1267 uetuit,
748 1217 812 1267 et,
843 1223 959 1256 cum
988 1206 1041 1257 id
1069 1209 1284 1258 facturos
1319 1225 1373 1258 se
1407 1219 1795 1272 perseuerarent,

119 1291 447 1349 consularem,
468 1288 508 1338 si
532 1287 584 1337 in
608 1304 843 1352 campum
866 1289 1257 1351 descendissent,
1278 1290 1553 1340 uindictam
1578 1291 1794 1342 minatus

120 1382 209 1432 est,
234 1382 285 1422 et
310 1370 578 1435 Egnatium
606 1372 866 1421 florentem
890 1373 1060 1422 fauore
1090 1372 1295 1436 publico
1326 1383 1708 1439 sperantemque
1740 1384 1795 1424 ut
1818 1394 1844 1434 4

122 1463 400 1518 praeturam
423 1452 675 1513 aedilitati‚
701 1452 770 1502 ita
792 1454 1106 1503 consulatum
1130 1464 1386 1519 praeturae
1410 1473 1463 1505 se
1494 1455 1793 1519 iuncturum‚

50 1553 99 1596 ¹5
125 1531 392 1603 [profiteri]
409 1533 581 1595 uetuit,
607 1544 657 1584 et
680 1550 796 1583 cum
820 1533 874 1584 id
897 1550 1000 1584 non
1025 1535 1334 1598 obtinuisset,
1360 1536 1553 1598 iurauit,
1580 1537 1730 1588 etiam
1755 1538 1797 1588 si

122 1621 280 1670 factus
326 1629 456 1669 esset
501 1620 677 1669 consul
724 1619 963 1683 suffragiis
1002 1618 1190 1684 populi,
1230 1628 1398 1669 tamen
1439 1637 1493 1670 se
1534 1637 1650 1670 eum
1691 1638 1795 1671 non

119 1703 526 1755 renuntiaturum.
598 1705 738 1768 quod
784 1720 878 1768 ego
923 1705 1110 1754 facturn
1157 1703 1361 1753 cuilibet
1407 1714 1633 1754 ueterum
1680 1722 1796 1756 con·
1819 1723 1842 1766 5

119 1788 283 1836 sulum
328 1785 512 1851 gloriae
558 1787 951 1850 comparandum
1009 1802 1132 1847 reor,
1181 1785 1276 1835 nisi
1323 1787 1462 1850 quod
1513 1786 1797 1838 naturaliter

118 1868 290 1919 audita
323 1868 443 1918 uisis
477 1869 739 1918 laudamus
774 1868 1007 1919 libentius
1043 1879 1093 1919 et
1124 1869 1402 1933 praesentia
1432 1869 1635 1932 inuidia,
1661 1887 1798 1935 prae-

70 1979 97 2007 o
120 1951 263 2002 terita
284 1951 605 2002 ueneratione
635 1951 982 2016 prosequimur
1004 1961 1054 2002 et
1084 1951 1162 2002 his
1190 1968 1283 2002 nos
1315 1951 1473 2013 obrui,
1499 1951 1594 2003 illis
1622 1952 1798 2003 instrui

118 2032 380 2083 credimus.

188 2118 323 2165 Ante
346 2114 612 2165 triennium
637 2117 752 2176 fere,
778 2132 930 2180 quam
957 2115 1290 2180 Egnatianum
1315 2118 1476 2167 scelus
1501 2128 1794 2183 erumperet,
1820 2135 1892 2184 93

120 2196 251 2247 ciroe
287 2198 530 2247 Murenae
564 2196 934 2262 Caepionisque
971 2197 1325 2248 coniurationis
1361 2207 1573 2263 tempuS,
1610 2199 1796 2250 abhinc

119 2294 281 2329 annos
306 2293 351 2339 L,
379 2280 451 2328 M.
472 2280 753 2340 MarcelluS,
771 2278 951 2329 sororis
975 2279 1187 2344 Augusti
1212 2279 1454 2331 Octauiae
1477 2280 1621 2343 filius,
1642 2298 1795 2346 quern

73 2379 97 2419 5
122 2359 352 2410 homines
392 2359 473 2421 ita,
510 2359 551 2410 si
589 2359 713 2424 quid
758 2360 1021 2411 accidisset
1069 2361 1283 2423 Caesari,
1324 2379 1662 2414 successorem
1709 2381 1796 2429 po-

121 2442 305 2492 tentiae
346 2442 453 2493 eius
499 2442 862 2493 arbitrabantur
902 2444 1136 2505 futurum,
1177 2453 1231 2494 ut
1273 2454 1441 2495 tamen
1482 2445 1535 2496 id
1581 2463 1670 2511 per
1717 2447 1790 2498 M.

121 2523 391 2588 Agrippam
441 2540 617 2574 securo
666 2523 712 2574 ei
761 2540 909 2589 posse
957 2524 1244 2590 contingere
1292 2543 1395 2576 non
1442 2526 1791 2591 existimarent,

179 2710 196 2738 r
230 2696 467 2750 preclarum
488 2695 531 2735 A
646 2696 784 2737 Sentii
804 2694 896 2735 ΑΡ
998 2708 1026 2747 3
1045 2697 1088 2737 in
1101 2696 1176 2738 del.
1194 2696 1395 2738 Heinsius
1503 2710 1529 2749 5
1551 2656 1794 2742 sorte&solus
1822 2690 1827 2696 ⁸

120 2765 163 2806 A
180 2767 269 2819 (ab)
366 2759 482 2807 C'O'S
493 2765 535 2804 A
556 2778 567 2805 τ
595 2764 710 2806 COS
723 2764 767 2805 Ρ
864 2777 887 2816 7
915 2771 1044 2817 atque
1063 2766 1296 2818 asperitate
1315 2767 1480 2819 smpsi:
1506 2768 1617 2809 osae
1633 2769 1795 2810 seueri-

121 2827 208 2861 tate
226 2821 270 2860 A
302 2821 420 2872 (αὶ-μ
452 2834 502 2861 ne
532 2832 671 2860 tener.
702 2817 768 2860 P:
811 2832 862 2860 ac
889 2821 1211 2871 perseuerantia
1243 2821 1308 2861 uel
1332 2821 1544 2872 grauitate
1569 2821 1791 2876 Wopkens:

119 2888 170 2916 nc
190 2876 370 2917 ueritate
392 2876 458 2915 uel
473 2874 683 2927 grauitate
699 2873 845 2916 Orelli:
874 2887 925 2915 ac
945 2875 1171 2916 sanctitate
1185 2875 1370 2916 Lauren!
1477 2878 1504 2917 8
1525 2876 1696 2919 fraudes
1706 2877 1799 2919 ΑΡ

126 2943 176 2972 ιο
203 2936 405 2983 petentes
423 2929 514 2970 ΑΡ
636 2942 746 2981 quos
775 2928 838 2971 P:
885 2929 1001 2981 quod
1028 2929 1072 2970 A
1264 2941 1313 2980 15
1342 2932 1478 2971 uetuit
1497 2931 1572 2973 A.
1562 2946 1572 2956 ·
1602 2934 1793 2985 profiteri

121 2999 259 3040 uetuit
276 2997 321 3039 Ρ
429 3000 480 3039 16
507 2999 620 3040 COS
639 2998 714 3039 A.
742 2997 871 3039 COS.
890 2997 935 3038 Ρ
1038 3011 1136 3039 eum
1156 2997 1223 3040 Ρ·
1251 3011 1347 3039 cum
1366 2999 1410 3039 A
1522 3013 1577 3041 20
1605 3002 1687 3043 hiis
1701 3001 1791 3051 del„

121 3053 214 3094 dein
231 3060 431 3106 cufim
455 3054 522 3095 his
540 3054 583 3094 A
697 3065 750 3104 23
769 3053 823 3093 ab
835 3053 932 3094 hinc
944 3051 988 3093 A
1084 3065 1136 3103 2⁴
1154 3053 1314 3095 sororis
1328 3054 1389 3094 Ins
1392 3056 1611 3107 posteriore
1619 3069 1734 3098 eraso
1746 3033 1791 3097 A'

121 3120 175 3161 25
203 3107 403 3162 (Σιωπῇ
417 3109 459 3149 A
627 3120 678 3159 27
707 3119 884 3149 securos
901 3106 1015 3149 AP·
1042 3121 1196 3150 secure
1215 3109 1278 3149 vel
1294 3109 1488 3150 securius
1507 3110 1739 3153 Rhenanus

885 3182 961 3226 ¹05
