2014 3392
775 258 991 308 LIBER
1028 259 1083 308 11

92 396 341 462 reliquiae,
390 396 567 447 Italico
617 397 765 458 bello,
813 414 916 462 quo
967 397 1172 462 quidem
1220 399 1440 448 Romani
1490 400 1635 450 uictis
1681 402 1766 452 ad-

28 506 40 533 ε
92 478 337 543 flictisque
382 478 477 542 ipsi
523 478 757 528 exarmati
798 495 950 543 quam
997 478 1173 543 integri
1219 479 1462 530 uniuersis
1510 481 1763 532 ciuitatem

30 550 38 577 ⁵
91 561 211 609 dare
251 561 543 620 maluerunt,
586 561 901 609 consulatum
941 559 1157 609 inierunt
1198 561 1261 623 Q.
1301 562 1571 625 Pompeius
1613 573 1662 612 et
1705 565 1760 614 L.

42 674 48 684 .
91 640 354 692 Cornelius
394 642 544 701 Sulla,
587 640 663 690 uir
708 640 795 704 qui
841 657 1006 705 neque
1050 643 1117 691 ad
1163 643 1314 692 finem
1363 643 1600 694 uictoriae
1646 645 1764 696 satis

89 721 278 771 laudari
324 738 490 785 neque
534 731 648 785 post
701 721 961 772 uictoriam
1013 722 1217 773 abunde
1262 723 1529 788 uituperari
1582 735 1760 789 potest.

90 802 173 852 hic
213 812 358 853 natus
403 802 589 852 familia
633 803 805 864 nobili,
854 813 1019 854 sextus
1064 820 1096 853 a
1142 804 1377 855 Cornelio
1425 807 1627 867 Rufino,
1677 806 1764 871 qui
1788 827 1807 855 2

90 884 225 934 bello
259 884 431 948 Pyrrhi
466 884 594 935 inter
627 885 974 936 celeberrimos
1009 887 1167 936 fuerat
1201 887 1370 948 duceS,
1397 904 1513 937 cum
1548 888 1764 939 familiae

90 964 197 1015 eius
232 965 475 1015 claritudo
509 965 788 1016 intermissa
815 976 959 1028 esset,
994 966 1082 1017 diu
1110 966 1179 1016 ita
1210 984 1264 1017 se
1294 967 1458 1032 gessit,
1485 978 1540 1018 ut
1575 971 1763 1018 nullam

90 1046 294 1111 petendi
322 1049 637 1097 consulatum
668 1048 1021 1112 cogitationem
1050 1049 1234 1099 habere
1265 1049 1543 1100 uideretur:
1580 1050 1765 1101 deinde
1789 1072 1813 1112 3

16 1147 61 1183 ,ῑ-
90 1137 205 1191 post
244 1138 523 1192 praeturam
564 1128 849 1180 inlustratus
891 1130 1024 1180 bello
1063 1129 1240 1180 Italico
1280 1141 1330 1180 et
1363 1141 1480 1181 ante
1514 1131 1567 1181 in
1604 1131 1767 1182 Gallia

89 1208 336 1273 legatione
382 1210 478 1259 sub
520 1210 698 1271 Mari0,
742 1227 843 1275 qua
882 1210 1302 1262 eminentissimos
1348 1213 1503 1262 duces
1544 1213 1763 1263 hostium

87 1290 295 1351 suderat,
338 1307 399 1341 ex
434 1308 668 1342 successu
708 1292 932 1342 animum
974 1293 1185 1357 sumpsit
1225 1303 1501 1359 petensque
1541 1297 1766 1345 consula·

87 1381 194 1421 tum
229 1388 390 1436 paene
424 1372 650 1422 omnium
686 1372 872 1423 ciuium
908 1373 1147 1438 suffragiis
1182 1376 1341 1425 factus
1376 1385 1482 1437 est3
1522 1378 1612 1426 sed
1647 1393 1763 1426 eum

88 1453 333 1503 honorem
383 1454 934 1520 undequinquagesimo
984 1455 1159 1506 aetatis
1210 1474 1329 1507 suae
1379 1475 1514 1508 anno
1560 1460 1766 1509 adsecu-

18 1530 26 1565 ·'
88 1544 168 1584 tus
202 1545 290 1585 est.

12 1605 25 1638 '³
155 1618 250 1667 Per
294 1634 354 1667 m
393 1627 619 1683 tempora
665 1618 995 1680 Mithridates,
1046 1619 1283 1671 Ponticus
1330 1638 1426 1682 teir,
1475 1621 1552 1672 uir
1596 1639 1762 1687 neque
1783 1629 1839 1677 18

85 1695 307 1748 silendus
342 1715 507 1763 neque
537 1699 782 1750 dicendus
810 1700 918 1751 sine
949 1718 1080 1762 cura,
1111 1702 1245 1752 bello
1272 1703 1553 1765 acerrimus,
1580 1703 1762 1755 uirtute

12 1775 24 1834 f
86 1777 309 1840 eximius,
347 1779 619 1844 aliquando
656 1782 867 1843 fortuna,
908 1799 1104 1847 semper
1139 1783 1310 1834 animo
1348 1785 1606 1846 maximuS,
1647 1803 1764 1836 con-

12 1845 25 1906 ἱι
86 1859 206 1910 siliis
230 1861 345 1922 dux,
366 1861 508 1912 miles
533 1879 700 1924 manu,
721 1863 841 1914 odio
864 1863 916 1913 in
943 1866 1203 1915 Romanos
1223 1866 1497 1928 Hannibal,
1519 1877 1764 1932 occupata

19 1944 25 1992 ἶ
85 1941 207 1991 Asia
251 1943 541 2009 neoetisque
586 1944 638 1994 in
690 1962 751 1995 ea
795 1946 1031 1997 omnibus
1082 1946 1276 1998 ciuibus
1325 1949 1583 2011 Romanis,
1633 1967 1761 2015 quos
1787 1967 1806 2000 ι’

12 2068 13 2075 ,
85 2022 291 2088 quidem
332 2026 509 2075 eadem
550 2025 634 2076 die
672 2036 824 2091 atque
865 2028 987 2077 hora
1023 2028 1228 2079 redditis
1269 2029 1553 2081 ciuitatibus
1589 2031 1761 2083 litteris

84 2103 273 2170 ingenti
318 2123 435 2156 cum
481 2107 839 2171 pollicitatione
884 2109 1216 2174 praemiorum
1263 2111 1490 2162 interemi
1537 2113 1757 2176 iusserat,

84 2202 188 2252 quo
210 2198 435 2252 tempore
459 2206 623 2255 neque
647 2190 935 2241 fortitudine
957 2193 1196 2242 aduersus
1223 2193 1566 2244 Mithridatem
1596 2212 1761 2260 neque
1785 2210 1807 2248 3

11 2278 13 2289 ·
84 2268 186 2319 fide
208 2268 259 2319 in
294 2271 553 2321 Romanos
581 2271 846 2337 quisquam
880 2273 1094 2324 Rhodiis
1125 2291 1215 2339 par
1245 2275 1336 2325 fuit
1372 2277 1572 2341 (horum
1608 2279 1762 2328 fidem

88 2350 503 2415 Mytilenaeorum
527 2353 735 2417 perfidia
758 2353 1088 2416 inluminauit,
1113 2355 1200 2420 qui
1226 2358 1311 2406 M’.
1339 2357 1599 2421 Aquilium
1622 2358 1765 2409 alios-

85 2446 185 2496 que
211 2431 489 2483 Mithridati
514 2434 710 2485 uinctos
734 2434 1056 2497 tradiderunt,
1083 2436 1266 2501 quibus
1299 2437 1498 2488 libertas
1531 2438 1582 2488 in
1615 2439 1763 2491 unius

22 2503 29 2520 ⁶
84 2513 411 2578 Theophanis
443 2514 648 2580 gratiam
685 2526 860 2580 postoe
892 2533 924 2567 a
960 2517 1203 2582 Pompeio
1239 2518 1462 2569 restituta
1497 2519 1607 2586 est),
1646 2538 1762 2571 cum

140 2655 168 2684 a
195 2643 429 2684 exanimati
468 2644 709 2685 Mommsen
820 2646 975 2699 integri
1017 2647 1246 2688 Ha'nm‘us:
1299 2648 1476 2699 integris
1516 2649 1631 2691 AP:
1679 2651 1762 2702 ipsi

9 2691 27 2741 ,’
85 2698 316 2739 exst-matis
343 2711 471 2750 quam
501 2700 655 2751 integri
691 2700 904 2742 uniuersis
937 2701 1056 2742 Cobet
1179 2703 1333 2754 integri
1364 2717 1451 2744 non
1480 2706 1646 2745 euersis
1674 2706 1764 2759 Jeep

23 2771 27 2779 v
85 2763 115 2804 3
132 2751 401 2805 inieruntque
416 2753 460 2793 A
481 2767 492 2795 z
520 2754 706 2795 inierunt
724 2755 805 2796 Cn.
821 2754 867 2795 P
944 2756 997 2808 Q.
1015 2757 1057 2797 Β
1192 2760 1220 2797 6
1239 2758 1393 2799 nobilis
1422 2758 1464 2798 A
1605 2773 1633 2811 9
1662 2773 1763 2800 con-

8 2805 30 2857 E'
85 2806 250 2848 tulatus
268 2806 416 2849 Nova'k
427 2809 691 2862 probabiliter
853 2822 900 2851 ιι
931 2811 1074 2864 legato
1094 2825 1150 2852 ne
1169 2812 1212 2851 A
1301 2826 1386 2864 qua
1409 2813 1624 2855 Gelenius:
1653 2828 1762 2866 quae

8 2903 13 2920 ι
85 2859 179 2901 ΑΡ
324 2875 374 2914 ¹3
402 2870 573 2904 creatus
591 2864 667 2905 del.
689 2868 726 2904 et
747 2871 950 2917 suprascr.
974 2865 1111 2907 sactus
1130 2867 1173 2906 A
1347 2868 1395 2907 18
1418 2873 1514 2921 post
1532 2868 1762 2921 aliquando

84 2914 130 2955 A
159 2915 277 2957 habet
293 2919 491 2971 scriptum
510 2918 557 2958 id
570 2919 684 2971 quod
697 2919 866 2972 ambigo
885 2934 990 2961 num
1009 2921 1297 2975 compendium
1315 2923 1369 2962 sie
1388 2924 1577 2964 uocabuli
1590 2924 1764 2965 ahmins

27 3008 29 3010 .
88 2970 124 3021 (1
136 2970 279 3022 simul)
298 2985 356 3013 an
386 2972 492 3013 duae
516 2973 670 3014 lietenu
694 2986 846 3025 erasae,
869 2979 916 3015 ut
931 2979 1037 3028 puto
1054 2975 1106 3018 sl.
1271 2988 1321 3016 21
1353 2977 1492 3019 {iterio
1517 2978 1763 3020 ciuitatibus

83 3022 219 3066 literis
237 3026 280 3066 A
304 3026 393 3077 (sic)
517 3041 571 3070 ω
599 3028 798 3070 interemi
817 3028 861 3068 A
991 3043 1044 3081 2⁴
1073 3030 1225 3072 horum
1247 3031 1376 3073 fldem
1396 3032 1439 3072 in
1459 3032 1502 3072 A
1617 3045 1670 3085 25
1702 3034 1759 3075 M.

26 3107 33 3119 .
84 3077 185 3129 ΑΡ,
205 3094 285 3123 em.
310 3081 519 3124 Ruhnken
683 3095 735 3134 27
765 3083 903 3136 gratia
921 3083 965 3124 A

909 3195 960 3239 35
1496 3180 1555 3230 3⁸
