2014 3444
8 307 22 316 a
9 271 18 282 -
4 244 17 259 θ
4 142 33 217 {vr-
0 0 37 131 :edm

679 231 1227 293 PROLEGOMENA

12 352 25 426 3}
110 374 299 439 grapho
323 370 644 421 Amerbachii
667 379 954 434 comparata
976 370 1241 434 praecipue
1265 369 1482 419 elucebit
1505 369 1602 419 utri
1624 369 1790 434 potius

8 452 17 481 ³⁵
111 463 279 512 danda
325 462 450 511 fides
485 459 560 510 sit.
649 461 769 508 Hoc
816 458 962 522 igitur
1006 475 1143 507 nunc
1189 459 1637 508 demonstrandum
1685 459 1789 520 erit,

5 542 20 587 .'
113 558 473 600 uetustatem
509 547 896 610 incorruptae
931 545 1208 596 lectionis
1258 545 1452 610 qualis
1488 545 1545 595 in
1581 547 1793 597 codice

115 636 502 688 Murbacensi
540 635 655 685 fuit
692 652 759 684 ex
795 634 1190 684 Amerbachii
1229 636 1572 698 apographo
1604 637 1794 685 multo

43 750 47 753 ·
114 726 307 790 magis
345 742 515 790 quam
554 742 622 774 ex
659 721 942 773 Rhenani
976 725 1064 773 ed.
1104 740 1182 787 pr.
1218 724 1601 787 repetendam
1635 740 1796 785 esse,

112 817 196 866 ed.
229 817 311 864 Pr.
355 813 439 879 (P)
484 831 517 863 a
566 812 773 863 Bureri
821 812 1189 862 lectionibus
1227 810 1314 878 (B)
1350 829 1417 862 ex
1463 811 1595 876 ipso
1645 814 1796 862 Mur-

114 903 357 954 bacensi
395 903 599 953 ductis
637 918 1071 966 saepenumero
1109 901 1460 965 discrepare,
1502 903 1621 950 Am.
1663 918 1798 965 apo-

111 993 376 1056 graphon
403 990 493 1056 (A)
518 990 826 1041 rarissime.

188 1099 227 1129 r.
266 1080 434 1130 Verba
484 1080 535 1129 in
594 1083 642 1129 A
699 1080 932 1130 distracta
983 1089 1113 1140 sunt,
1168 1077 1295 1129 sicut
1349 1078 1401 1128 in
1458 1079 1795 1140 Murbacensi,

114 1172 268 1220 haec:
293 1170 322 1219 i.
357 1188 376 1219 1
390 1188 429 1219 1.
462 1187 487 1218 2
521 1171 642 1218 acha
676 1186 750 1219 eos
786 1186 1022 1234 suprascr.
1051 1170 1258 1229 achaeos,
1292 1186 1364 1217 12.
1395 1185 1424 1232 3
1453 1174 1556 1217 acto
1575 1167 1708 1235 (del.)
1744 1186 1802 1218 ac

114 1267 261 1324 togae,
294 1275 366 1322 13.
398 1276 423 1307 2
450 1260 659 1307 deuictae
688 1275 769 1307 eas
791 1260 966 1322 egentis
997 1274 1088 1322 pro
1111 1258 1320 1306 domitae
1341 1274 1373 1305 a
1397 1274 1444 1306 se
1461 1258 1630 1321 gentes,
1665 1274 1737 1318 14.
1770 1273 1795 1321 7

113 1351 245 1400 iussa
269 1350 396 1398 binis
418 1365 540 1399 corr.
568 1350 646 1398 ius
670 1350 880 1411 Sabinis,
914 1363 987 1411 17.
1017 1351 1047 1397 6
1072 1350 1304 1398 naturali
1325 1363 1336 1374 ·
1361 1355 1521 1411 terque
1556 1363 1796 1411 suprascr.

115 1439 474 1501 naturaliterq„
511 1438 558 1487 ii.
602 1456 646 1487 2.
686 1456 711 1487 2
745 1439 973 1487 desciuita
1009 1454 1099 1501 pro
1133 1438 1333 1486 desciuit
1365 1454 1415 1499 a,
1441 1454 1484 1501 3.
1519 1454 1539 1486 1
1568 1453 1662 1485 sese
1694 1453 1801 1500 que-

114 1534 294 1576 rentur
312 1544 433 1577 corr.
470 1543 519 1576 se
551 1534 871 1590 sequerentur,
902 1529 946 1576 6.
977 1541 1003 1590 5
1030 1528 1311 1575 sedaturum
1347 1542 1442 1590 pro
1469 1542 1516 1575 se
1546 1527 1799 1587 daturum,

116 1616 182 1667 ib.
204 1632 381 1666 aurore
388 1623 662 1680 pensurum
681 1632 802 1666 corr.
829 1633 956 1664 auro
978 1624 1304 1679 repensurum,
1339 1617 1412 1664 16.
1437 1632 1458 1664 1
1482 1615 1604 1664 inste
1621 1615 1802 1664 iuscato

117 1722 209 1771 pro
241 1707 455 1756 Insteius
494 1707 630 1766 Cato,
678 1723 750 1770 19.
793 1724 813 1755 1
855 1723 916 1755 ex
951 1706 1176 1754 turbauit
1206 1721 1296 1769 pro
1331 1706 1625 1766 exturbauit,
1655 1722 1732 1769 30.
1772 1718 1797 1769 5

118 1797 307 1861 Sparta
323 1796 532 1860 coraptis
548 1812 639 1859 pro
664 1796 901 1860 Spartaco
927 1796 1096 1860 raptis,
1121 1813 1199 1859 31.
1227 1812 1248 1844 1
1278 1796 1432 1858 magis
1447 1801 1559 1843 erat
1578 1796 1800 1844 uiturum

118 1900 359 1949 suprascr.
404 1885 696 1948 magistratu
737 1886 940 1946 iturum,
984 1901 1061 1948 32.
1100 1901 1129 1948 3
1166 1890 1226 1932 ut
1260 1884 1501 1933 horoscius
1536 1899 1628 1947 pro
1675 1884 1802 1934 Otho

118 1974 333 2035 Roscius,
362 1975 439 2037 38.
469 1987 496 2037 5
524 1989 637 2022 mox
663 1974 831 2022 habita
855 1974 918 2022 lis
950 1989 1040 2037 pro
1074 1989 1187 2021 mox
1217 1974 1279 2021 ab
1301 1972 1503 2034 Attalis,
1532 1989 1610 2033 44.
1643 1989 1667 2021 2
1694 1988 1803 2021 sece-

117 2064 271 2123 dendo
305 2078 396 2126 pro
429 2079 477 2111 se
510 2064 718 2126 cedendo,
747 2065 824 2125 67.
854 2080 886 2123 4
910 2063 1086 2112 interio
1117 2066 1205 2112 <ff
1232 2078 1323 2126 pro
1355 2063 1486 2112 inter
1505 2063 1634 2124 iocos,
1666 2065 1741 2125 76.
1770 2079 1803 2124 4

119 2151 420 2204 Saluidienis
451 2153 648 2200 caelesta
683 2152 883 2201 consilia
929 2167 1020 2215 pro
1057 2152 1338 2202 Saluidieni
1365 2153 1550 2200 scelesta
1587 2153 1799 2213 consilia,

120 2284 200 2333 86.
241 2300 271 2347 3
308 2283 509 2332 uidisset
536 2250 830 2346 &nuquam
875 2299 967 2347 pro
1002 2283 1202 2333 uidisset
1233 2299 1477 2347 umquam,
1514 2296 1591 2347 95.
1635 2300 1660 2332 2
1690 2291 1806 2347 per-

118 2373 351 2422 domuere.
420 2372 608 2421 Tantae
631 2387 722 2435 pro
737 2373 1127 2436 perdomuerunt
1149 2378 1273 2421 ante.

191 2477 233 2509 2.
276 2459 397 2510 Loci
421 2459 679 2524 deprauati
703 2476 830 2524 quos
855 2459 1073 2511 exactius
1098 2463 1146 2510 A
1168 2477 1320 2525 quam
1347 2463 1385 2510 P
1411 2460 1639 2511 seruauit.

189 2548 219 2599 i.
248 2566 320 2598 12.
346 2565 371 2612 7
394 2565 539 2613 neque
560 2565 608 2598 se
624 2551 786 2598 Roma
814 2550 915 2599 iam
939 2556 1186 2599 terrarum
1210 2551 1319 2599 orbi
1336 2556 1560 2614 superato
1590 2567 1804 2600 securam

119 2639 376 2703 superauit
374 2638 514 2702 fores
525 2639 660 2687 simo
748 2655 898 2702 quam
915 2640 1092 2689 stantis
1109 2645 1325 2689 maneret
1342 2640 1660 2704 Carthaginis
1675 2642 1722 2689 A
1737 2657 1802 2691 m.

1514 2727 1600 2761 nitu

120 2782 210 2834 pr„
246 2770 386 2834 quod
425 2769 592 2820 statim
634 2769 706 2834 sic
747 2769 955 2821 correxit
994 2771 1524 2835 sperauit—sore—mo
1569 2787 1804 2835 usquam:

122 2858 257 2908 unde
294 2857 460 2908 Baiter
494 2858 663 2909 elicuit
696 2860 746 2908 si
775 2858 1084 2926 moni(me‘)t12
1119 2877 1335 2924 usquam.
1407 2861 1475 2909 At
1510 2858 1561 2909 in
1599 2861 1639 2909 P
1664 2868 1739 2911 est
1761 2861 1811 2911 si

122 2961 289 2996 nomen
321 2962 541 3011 usquam,
571 2957 741 3012 aperte
778 2947 1141 3012 interpolatum.
1215 2948 1261 2999 ii.
1296 2965 1368 3011 14.
1398 2965 1418 2999 1
1452 2948 1683 2999 immensa
1715 2950 1805 3000 illa

120 3041 169 3084 et
208 3036 448 3099 incognita
488 3053 600 3100 que
640 3054 739 3100 qua
793 3040 920 3100 &um
963 3037 1222 3104 (suprascr.
1280 3054 1402 3102 quae
1446 3036 1574 3104 eum)
1626 3047 1809 3104 semper

925 3126 1009 3166 xvii
1569 3126 1601 3176 b
