2014 3392
812 240 1030 290 LIBER
1066 241 1122 291 11

129 379 394 431 fortissime
423 380 555 431 cirea
591 379 842 431 Mutinam
879 380 1278 431 administratum
1314 390 1390 432 est
1423 390 1474 432 et
1515 384 1578 432 D.
1621 385 1802 432 Brutus

130 462 396 513 obsidione
431 462 678 514 liberatus.
750 463 1002 514 Antonius
1039 463 1170 528 turpi
1199 480 1259 513 ac
1290 465 1428 514 nuda
1457 466 1574 528 fuga
1601 474 1804 514 coactus

128 544 355 594 deserere
394 543 605 605 Italiam,
637 546 900 594 consulum
936 554 1105 594 autem
1141 546 1264 594 alter
1299 544 1352 594 in
1388 544 1510 606 acie,
1535 547 1658 595 alter
1691 554 1806 609 post

130 641 317 690 paucos
340 624 449 675 dies
472 641 533 675 ex
555 627 762 675 uulnere
784 635 995 675 mortem
1020 624 1158 675 obiit.

83 727 109 768 5
197 706 384 757 Omnia
405 716 523 757 ante
544 724 695 772 quam
720 709 968 772 fugaretur
989 706 1240 757 Antonius
1263 706 1538 757 honorifice
1565 724 1596 757 a
1630 717 1803 757 senatu
1825 710 1895 759 62

70 836 73 837 γ
130 787 182 838 in
206 789 471 840 Caesarem
489 789 859 854 exercitumque
881 789 988 840 eius
1005 790 1206 840 decreta
1228 799 1344 839 sunt
1366 789 1581 840 maxime
1604 799 1806 839 auctore

130 870 376 923 Cicerone
391 889 407 933 3
440 873 531 922 sed
554 881 610 921 ut
631 871 834 922 recessit
856 881 1033 932 metus,
1051 871 1212 936 erupit
1229 873 1462 922 uoluntas
1479 871 1806 936 protinusque

132 952 450 1017 Pompeianis
487 953 710 1018 partibus
745 954 891 1005 rediit
926 954 1135 1004 animuS.
1210 956 1366 1005 Bruto
1399 954 1675 1019 Cassioque
1699 971 1808 1019 pro-

130 1033 340 1094 uinciae,
366 1050 491 1099 quas
513 1034 613 1084 iam
637 1034 731 1100 ipsi
755 1035 863 1086 sine
891 1037 995 1086 ullo
1027 1044 1227 1086 senatus
1265 1037 1496 1086 consulto
1533 1052 1808 1100 occupaue-
1834 1059 1852 1086 2

130 1125 254 1176 rant,
284 1117 527 1178 decretae,
561 1116 748 1168 laudati
785 1117 1091 1182 quicumque
1125 1135 1180 1168 se
1213 1117 1273 1168 iis
1308 1117 1550 1168 exercitus
1585 1117 1810 1168 tradidis-

129 1209 255 1261 sent,
281 1199 453 1250 omnia
475 1199 802 1250 transmarina
831 1199 1039 1265 imperia
1075 1217 1247 1251 eorum
1286 1200 1554 1251 commissa
1589 1199 1804 1250 arbitn'o.

130 1280 318 1346 quippe
364 1284 437 1332 M.
480 1285 663 1332 Brutus
709 1291 759 1332 et
806 1283 863 1334 C.
908 1282 1125 1344 CassiuS,
1165 1299 1301 1333 nunc
1347 1292 1626 1333 metuentes
1671 1299 1809 1332 arma
1833 1302 1856 1341 3

130 1364 336 1425 Antoni,
375 1381 511 1414 nunc
555 1366 622 1415 ad
666 1366 947 1429 augendam
988 1365 1095 1416 eius
1140 1365 1383 1416 inuidiam
1424 1365 1713 1415 simulantes
1754 1381 1808 1415 se

131 1455 366 1508 metuere,
409 1445 572 1497 testati
609 1445 785 1496 edictis
825 1445 1037 1496 libenter
1076 1463 1130 1497 se
1170 1448 1251 1496 uel
1291 1445 1344 1496 in
1385 1455 1626 1511 perpetuo
1661 1445 1808 1496 exilio

83 1543 108 1586 s
130 1527 364 1589 uicturoS‚
401 1529 524 1578 dum
558 1527 629 1577 rei
663 1527 895 1592 publioee
928 1537 1177 1578 constaret
1211 1527 1494 1588 concordia,
1524 1543 1620 1577 nec
1654 1528 1805 1576 ullam

131 1610 249 1661 belli
289 1610 450 1661 ciuilis
495 1609 804 1675 praebituros
850 1609 1121 1671 materiam,
1161 1609 1430 1675 plurimum
1468 1609 1563 1660 sibi
1603 1609 1807 1659 honoris

129 1709 240 1744 oese
285 1691 336 1742 in
378 1691 685 1743 conscientia
729 1691 846 1742 facti
892 1691 982 1752 sui,
1025 1690 1233 1756 profecti
1278 1691 1403 1741 urbe
1448 1700 1599 1756 atque
1647 1690 1804 1750 Italia,

129 1774 324 1826 intento
346 1782 438 1827 ‘tac
460 1773 566 1839 pari
601 1773 772 1824 animo
809 1773 916 1824 sine
955 1774 1246 1824 auctoritate
1285 1774 1488 1839 publica
1526 1773 1808 1839 prouincias

130 1856 473 1921 exercitusque
509 1858 877 1920 occupauerant
914 1864 978 1917 et,
1004 1855 1310 1920 ubicumque
1341 1855 1436 1920 ipsi
1467 1865 1646 1916 essent,
1674 1872 1810 1920 prae-

130 1947 353 1991 texentes
388 1954 497 1988 esse
530 1954 636 1987 rem
671 1936 939 2001 publicam,
965 1936 1202 2001 pecunias
1230 1936 1394 1998 etiam,
1421 1953 1550 2001 quae
1574 1953 1635 1987 ex
1657 1946 1809 1987 trans-

131 2019 332 2071 marinis
368 2017 638 2084 prouinciis
676 2019 894 2068 Romam
931 2018 997 2068 ab
1034 2017 1378 2083 quaestoribus
1403 2019 1805 2083 deportabantur,

129 2117 162 2152 a
183 2100 469 2152 uolentibus
491 2109 798 2164 acceperant.
870 2116 1000 2164 quae
1023 2099 1194 2150 omnia
1216 2109 1417 2150 senatus
1441 2099 1651 2151 decretis
1675 2117 1809 2150 com·
1830 2124 1856 2163 4

130 2198 310 2249 prensa
361 2193 413 2234 et
468 2182 795 2247 comprobata
850 2191 967 2232 sunt
1023 2191 1074 2232 et
1125 2185 1188 2233 D.
1239 2185 1410 2244 Bruto,
1459 2184 1598 2248 quod
1643 2182 1808 2233 alieno

130 2264 378 2317 beneficio
414 2264 618 2325 uiueret,
657 2265 886 2314 decretus
923 2263 1217 2329 triumphuS,
1255 2267 1447 2315 Pansae
1483 2275 1634 2330 atque
1673 2264 1808 2315 Hirti

131 2363 341 2413 corpora
385 2345 588 2412 publioe
633 2347 886 2410 sepultura
922 2346 1180 2407 honorata,
1224 2345 1450 2398 Caesaris
1496 2347 1626 2397 adeo
1673 2347 1810 2396 nulla
1833 2362 1855 2405 5

131 2427 303 2479 habita
325 2427 529 2488 mentio,
555 2436 611 2477 ut
633 2425 795 2491 legati,
816 2425 908 2491 qui
935 2428 1001 2477 ad
1033 2426 1301 2477 exercitum
1334 2427 1440 2478 eius
1477 2427 1616 2478 missi
1653 2436 1805 2488 erant,

131 2508 419 2561 iuberentur
471 2518 727 2559 summoto
780 2524 844 2559 eo
901 2508 1082 2560 milites
1135 2509 1335 2575 alloqui.
1409 2526 1512 2560 non
1567 2508 1660 2559 suit
1705 2518 1807 2559 tarn

131 2590 350 2657 ingratus
395 2589 651 2651 exercitu3‚
694 2606 846 2655 quam
887 2591 1046 2640 fuerat
1086 2600 1316 2641 senatus:
1370 2607 1486 2640 narn
1533 2607 1650 2641 cum
1696 2607 1808 2641 eam

132 2671 359 2724 iniuriam
395 2671 760 2723 dissimulando
798 2671 982 2723 caesas
1012 2672 1171 2732 ferret,
1206 2687 1451 2736 negauere
1486 2671 1666 2722 milites
1702 2670 1809 2722 sine

189 2811 210 2841 ι
241 2805 310 2840 est
329 2805 374 2840 et
393 2798 459 2839 P:
492 2803 610 2839 esset
627 2797 671 2838 A
823 2811 850 2849 4
879 2798 1058 2840 uolnere
1074 2798 1168 2839 ΑΡ
1305 2811 1356 2840 ro
1384 2811 1433 2841 se
1453 2800 1537 2842 hiis
1566 2813 1615 2841 se
1632 2799 1704 2843 A:
1741 2802 1811 2842 his

132 2865 182 2896 ue
201 2851 269 2895 P:
296 2867 345 2894 se
366 2854 419 2894 iis
437 2860 481 2894 et
510 2853 669 2894 Orelli:
692 2866 748 2893 an
771 2853 838 2893 his
864 2858 991 2895 sese?
1109 2867 1153 2895 ιι
1186 2855 1368 2895 comissa
1386 2854 1431 2895 A
1547 2854 1727 2907 imperio
1744 2856 1806 2907 A,

133 2906 390 2949 anadeHalm
402 2909 500 2948 aem‘.
516 2908 659 2948 omnia
678 2908 957 2949 transmarina
973 2920 1120 2949 eorum
1137 2922 1175 2950 c.
1190 2909 1372 2961 imperio
1459 2922 1509 2961 13
1528 2910 1709 2951 Antonii
1723 2910 1816 2951 ΑΡ

137 2972 188 3014 15
216 2963 324 3015 reip.
355 2962 570 3004 Gelenius:
600 2974 712 3015 resp.
738 2961 831 3002 ΑΡ
995 2964 1045 3003 18
1072 2975 1124 3004 ac
1144 2964 1235 3015 pari
1255 2963 1354 3016 ΑΡ,
1379 2965 1527 3004 malim
1548 2977 1628 3006 nec
1648 2966 1808 3018 dispari

134 3027 188 3057 m
215 3017 485 3058 ariolantibus
502 3016 547 3057 A
715 3029 770 3068 23
801 3016 876 3071 D.]
900 3017 1038 3059 Decio
1055 3017 1100 3057 A
1269 3031 1322 3070 24
1354 3018 1485 3059 Hirtii
1503 3018 1596 3059 ΑΡ
1756 3034 1808 3072 27

135 3070 308 3123 adloqui
330 3070 422 3112 A?
527 3084 582 3124 29
610 3070 775 3113 Cacsar
791 3072 1001 3115 Gelem'us:
1031 3071 1206 3114 Caesari
1217 3073 1333 3115 AP:
1362 3073 1523 3115 Caesar
1541 3074 1634 3127 ipse
1652 3074 1792 3116 Halm

945 3177 999 3220 59
