2014 3392
708 187 966 235 VELLEI
1005 187 1404 236 PATERCVLI

225 337 273 377 et
320 329 545 387 ScauruS,
589 336 637 376 et
683 335 799 375 ante
844 325 1006 376 omnis
1055 328 1109 374 L.
1152 327 1357 376 Crassus
1399 334 1448 375 et
1491 327 1561 374 M.
1607 325 1884 375 Antonius:

179 434 198 462 2
224 425 436 471 quorum
482 407 629 457 aetati
675 406 983 471 ingeniisque
1030 423 1309 456 successere
1356 408 1411 457 C.
1463 408 1645 457 Caesar
1695 407 1885 466 Strabo,

226 492 278 538 P.
307 488 585 552 Sulpicius3
624 506 740 538 nam
777 490 839 551 Q.
880 488 1080 538 Mucius
1112 488 1229 537 iuris
1265 487 1470 537 scientia
1504 505 1654 552 quam
1689 488 1887 551 proprio

181 586 202 625 3
225 569 538 634 eloquentiae
578 569 782 619 nomine
819 569 1058 618 celebrior
1098 569 1200 618 fuit.
1274 571 1403 618 clara
1443 568 1592 618 etiam
1632 585 1720 632 per
1753 568 1886 618 idem

223 651 336 700 aeui
371 650 585 714 spatium
620 652 754 699 fuere
789 649 987 712 ingenia
1020 649 1072 698 in
1108 649 1284 712 togatis
1319 649 1505 710 Afrani,
1539 649 1591 698 in
1627 650 1888 712 tragoediis
1913 671 1936 709 5

227 731 413 780 Pacuui
441 741 590 795 atque
614 730 751 790 Acci,
778 747 937 794 usque
964 730 1016 778 in
1041 732 1343 780 Graecorum
1375 728 1725 797 [ingeniorum]
1759 747 1891 780 com-

226 812 533 876 parationem
580 812 779 872 enectis,
820 828 1156 874 magnumque
1192 811 1319 860 inter
1359 813 1452 860 hos
1492 811 1626 875 ipsos
1667 810 1890 860 facientis

228 893 365 956 operi
401 911 492 943 suo
533 896 715 953 locum,
754 894 882 942 adeo
923 892 1142 956 quidem,
1182 902 1236 941 ut
1272 892 1324 941 in
1361 892 1456 942 illis
1496 893 1658 953 limae,
1701 892 1753 941 in
1794 894 1891 942 hoc

179 997 204 1035 4
227 991 385 1037 paene
431 977 542 1038 plus
600 974 826 1023 uideatur
882 973 1032 1023 fuisse
1079 973 1343 1037 sanguinis,
1392 973 1586 1023 celebre
1637 982 1686 1022 et
1733 973 1892 1022 Lucili

228 1073 413 1106 nomen
453 1055 558 1116 fuit,
598 1055 684 1119 qui
725 1055 818 1104 sub
856 1057 908 1103 P.
950 1054 1184 1104 Africano
1223 1054 1532 1103 Numantino
1570 1055 1703 1104 bello
1739 1071 1893 1118 eques
1920 1074 1971 1102 10
2004 1043 2006 1052 ’

229 1138 534 1186 militauerat.
607 1152 709 1200 quo
741 1135 945 1199 quidem
978 1144 1201 1198 tempore
1231 1135 1437 1184 iuuenes
1465 1136 1631 1184 adhuc
1656 1137 1893 1198 Iugurtha

228 1236 286 1268 ac
313 1218 501 1267 Marius
535 1218 628 1267 sub
660 1218 839 1266 eodem
869 1216 1104 1265 Africano
1136 1216 1402 1265 militantes
1433 1216 1485 1265 in
1513 1216 1690 1265 iisdem
1723 1216 1892 1265 castris

181 1320 203 1359 5
229 1300 460 1360 didicere,
502 1316 630 1363 quae
669 1307 844 1362 postea
882 1297 934 1345 in
973 1297 1226 1346 contrariis
1267 1299 1496 1347 facerent.
1582 1296 1892 1346 historiarum

229 1390 400 1431 auctor
431 1380 530 1429 iam
559 1389 666 1429 tum
695 1379 904 1429 Sisenna
931 1388 1032 1428 erat
1064 1378 1272 1439 iuuenis,
1307 1380 1396 1428 sed
1428 1395 1555 1442 opus
1586 1378 1704 1427 belli
1735 1378 1893 1427 ciuilis
2013 1427 2014 1450 ἢ

231 1462 518 1526 Sullanique
558 1470 671 1525 post
711 1460 900 1524 aliquot
934 1477 1093 1509 annos
1133 1460 1198 1509 ab
1239 1477 1300 1509 eo
1338 1459 1531 1509 seniore
1572 1459 1762 1509 editum
1803 1469 1889 1508 est.
1921 1483 1967 1524 15
2006 1426 2014 1572 ᾗ

182 1558 206 1596 6
229 1543 469 1594 uetustior
509 1542 718 1592 Sisenna
757 1541 848 1590 fuit
886 1540 1098 1601 Caelius,
1138 1540 1357 1604 aequalis
1378 1539 1636 1590 Sisennae
1678 1540 1893 1590 Rutilius

230 1625 570 1688 Claudiusque
612 1621 964 1686 Quadrigarius
1005 1632 1054 1671 et
1091 1621 1316 1671 Valerius
1353 1621 1541 1671 Antias.
1632 1638 1751 1671 sane
1791 1639 1894 1671 non
2007 1574 2014 1828 ξ

2004 980 2005 990 1

2003 1002 2006 1021 l

229 1707 511 1770 ignoremus
549 1706 725 1754 eadem
760 1712 919 1752 aetate
954 1703 1104 1752 fuisse
1140 1703 1475 1766 Pomponium
1512 1703 1738 1752 sensibus
1774 1705 1897 1752 cele-

230 1790 383 1849 brem,
424 1787 589 1837 uerbis
624 1788 798 1836 rudem
837 1795 885 1834 et
923 1785 1145 1834 nouitate
1181 1785 1372 1834 inuenti
1408 1802 1438 1833 a
1475 1802 1528 1834 se
1566 1785 1728 1848 operis
1763 1802 1896 1834 com-

231 1869 578 1919 mendabilem.
1923 1893 1973 1921 20

149 1972 208 2007 10
300 1955 663 2014 Prosequamur
697 1959 817 1999 nota
854 1949 1165 1999 seueritatem
1202 1965 1463 1998 censorum
1501 1948 1642 1999 Cassi
1684 1948 1898 2012 Longini

216 2032 614 2099 Caepionisque,
642 2031 727 2094 qui
750 2030 934 2080 abhinc
962 2047 1121 2079 annos
1146 2034 1328 2082 †CLvn
1356 2029 1603 2093 Lepidum
1628 2028 1895 2078 Aemilium

232 2131 481 2179 augurem,
517 2115 654 2177 quod
692 2130 776 2162 sex
807 2112 1007 2162 milibus
1045 2114 1152 2163 HS.
1186 2111 1323 2162 aedis
1359 2111 1689 2172 conduxisset,
1723 2112 1898 2160 adesse

232 2199 488 2247 iusserunt.
574 2205 624 2244 at
664 2212 799 2244 nunc
837 2195 877 2244 si
919 2194 1028 2258 quis
1069 2194 1192 2243 tanti
1232 2193 1434 2254 habitet,
1475 2193 1558 2243 uix
1602 2202 1657 2242 ut
1703 2202 1900 2242 senator

290 2339 309 2365 1
343 2327 390 2366 L.
414 2325 499 2364 BA
520 2339 530 2364 ε
559 2338 640 2365 om.
665 2324 707 2363 P
877 2337 903 2374 3
932 2337 1030 2362 nam
1050 2324 1101 2374 Q.
1123 2322 1291 2362 Aldus:
1330 2335 1467 2373 namq.
1487 2322 1578 2361 ΑΡ
1697 2323 1897 2373 propriae

234 2382 346 2421 AP:
374 2380 547 2432 proprie
566 2379 734 2431 Lipsius
751 2393 760 2417 :
790 2379 963 2429 proprio
982 2379 1181 2418 Heinsius
1197 2383 1235 2417 et
1253 2379 1419 2428 Bentley
1545 2388 1570 2427 5
1600 2377 1832 2427 trogoediis
1851 2377 1894 2415 A

234 2439 261 2476 6
289 2436 458 2487 pacuuii
477 2434 568 2473 ΑΡ
673 2434 811 2484 adque
839 2434 1023 2484 acciusq.
1042 2433 1085 2471 A
1200 2434 1468 2483 ingeniorum
1491 2445 1573 2472 om.
1595 2432 1638 2471 in
1659 2436 1783 2483 textu,
1803 2431 1896 2471 add.

1427 2497 1503 2520 elus

236 2534 279 2572 in
308 2546 441 2584 marg.
471 2531 513 2569 A
683 2543 706 2580 7
737 2530 900 2570 enectis
928 2529 970 2568 Β
993 2543 1003 2568 :
1046 2529 1138 2569 eius
1167 2530 1321 2570 aetatis
1349 2529 1416 2568 P:
1492 2528 1618 2567 etatis
1646 2527 1689 2566 A
1710 2542 1720 2567 τ
1759 2529 1897 2567 euecti

240 2587 452 2627 Gelenius:
495 2590 647 2624 euecta
674 2584 873 2624 Heinsius
983 2584 1095 2624 Enni
1123 2585 1322 2624 Heinsius
1347 2588 1445 2636 post
1470 2583 1623 2636 locum,
1659 2583 1787 2623 Orelli
1803 2587 1900 2635 post

238 2655 522 2692 magnumque
537 2640 733 2679 inserebat
837 2652 864 2689 9
885 2640 1037 2690 paenae
1050 2646 1249 2691 suprascr.
1264 2653 1288 2679 e
1302 2639 1345 2676 A
1437 2639 1564 2689 uulgo
1571 2642 1668 2690 post
1678 2637 1898 2687 sanguinis

237 2698 542 2748 interpungunt.
593 2694 773 2746 Maduzjg
788 2694 981 2734 facientis
1001 2695 1061 2733 ad
1077 2694 1208 2734 Lucili
1220 2695 1387 2746 primus
1407 2693 1602 2745 referebat,
1619 2706 1740 2744 quem
1758 2705 1904 2743 sequor

240 2765 289 2790 10
318 2752 491 2790 Publico
519 2749 562 2788 A
677 2749 926 2789 numantino
955 2748 997 2787 A
1187 2762 1234 2789 11
1266 2748 1433 2787 iuuenis
1451 2747 1547 2792 ΑΡ,
1572 2761 1649 2788 em.
1671 2747 1898 2786 Burmann

243 2819 290 2856 13
319 2806 373 2844 de
393 2807 538 2844 dicere
557 2817 641 2854 que
660 2804 703 2842 A
788 2802 1082 2855 historiarum]
1104 2803 1366 2843 Milesiarum
1389 2803 1439 2843 O.
1459 2803 1570 2842 Ialm
1587 2802 1733 2841 Herm.
1755 2802 1798 2841 ii.
1819 2814 1898 2850 234

241 2873 287 2910 14
315 2866 366 2900 ffl
383 2861 468 2898 iam
487 2865 575 2899 tum
595 2859 637 2896 A
663 2859 752 2910 (sic)
865 2858 1014 2909 ciuilis]
1036 2859 1205 2897 socialis
1224 2857 1432 2897 Ruhnken
1585 2868 1634 2906 15
1664 2856 1833 2906 aliquod
1852 2856 1895 2894 A

240 2917 291 2954 16
319 2915 489 2955 Coelius
509 2914 551 2951 A
665 2913 865 2963 aequales
883 2913 1080 2964 Kreysszg
1227 2913 1275 2951 18
1303 2925 1417 2952 sens.
1439 2912 1621 2951 celerem
1647 2911 1898 2950 Warburton

243 2983 294 3020 19
322 2971 385 3022 et]
415 2971 492 3008 sed
512 2968 679 3019 Lipsius
854 2981 903 3007 21
935 2975 1036 3007 nota
1066 2967 1269 3021 Maduig:
1311 2972 1454 3006 notam
1473 2966 1563 3006 ΑΡ
1669 2965 1790 3005 Cassi
1815 2965 1906 3004 ΑΡ

242 3038 294 3063 22
325 3024 586 3074 caepionisq.
600 3027 680 3071 um‘
702 3023 790 3074 (sic)
810 3023 853 3061 A
967 3035 1084 3062 eLvn
1103 3023 1213 3064 AP:
1243 3035 1350 3063 cL111
1369 3021 1492 3060 Kritz
1608 3020 1779 3060 Aelium
1797 3020 1897 3070 ΑΡ,

240 3093 316 3120 em.
339 3079 483 3118 Aldus
645 3091 698 3128 23
728 3078 819 3118 HS.
853 3077 949 3118 add.
983 3078 1150 3116 Krause
1259 3078 1388 3118 aedes
1406 3075 1497 3115 ΑΡ
1656 3088 1707 3124 24
1736 3076 1803 3114 Ad
1827 3075 1868 3112 A

1051 3144 1099 3182 28
