2014 3392
1989 0 2014 46 si

1988 51 1997 68 e

711 172 970 221 VELLEI
1008 171 1408 221 PATERCVLI

237 324 383 372 saepe
408 308 762 372 eruptionibus,
789 308 865 358 bis
889 316 1143 371 penetrata
1174 306 1440 366 Britannia,
1468 323 1652 356 nouem
1682 306 1898 370 denique

234 389 501 438 aestatibus
548 389 631 438 uix
676 391 776 438 ulla
821 406 923 438 non
974 387 1268 437 iustissimus
1319 387 1596 450 triumphus
1651 388 1894 437 emeritus.

235 469 364 518 circa
401 470 619 519 Alesiam
661 487 779 519 uero
821 479 986 518 tantae
1023 486 1098 517 res
1133 477 1312 531 gestae,
1351 477 1560 530 quantas
1600 470 1782 517 audere
1818 468 1900 517 uix

190 572 209 599 2
235 551 464 612 hominis,
502 554 736 615 perficere
768 569 926 615 paene
959 551 1140 600 nullius
1174 550 1268 600 nisi
1300 550 1381 600 dei
1412 550 1569 599 fuerit.
1642 551 1899 614 †septimo

234 634 388 682 ferme
419 650 552 683 anno
585 635 766 684 Caesar
797 633 1080 682 morabatur
1107 633 1159 681 in
1189 632 1374 692 Galliis,
1403 650 1517 681 cum
1550 632 1899 682 medium'iam
1925 650 1946 691 5
1990 670 2001 689 2

235 731 294 764 ex
334 714 522 764 inuidia
559 715 810 778 potentiae
848 731 963 763 cum
1004 713 1087 762 illa
1121 730 1264 776 aegre
1299 713 1607 762 cohaerentis
1643 713 1769 762 inter
1805 715 1896 764 Cn.
1988 710 2014 767 ξ’

198 789 531 874 '‘fPompeium
570 806 618 846 et
657 798 713 847 C
754 798 1018 847 Caesarem
1054 795 1350 845 concordiae
1385 795 1563 859 pignus
1601 795 1741 855 Iulia,
1779 813 1901 865 uxor

202 876 423 941 Magni,
468 877 707 927 decessit:
760 887 909 940 atque
947 876 1115 926 omnia
1155 876 1280 925 inter
1318 876 1589 926 destinatos
1627 860 1765 926 tanto
1807 877 1902 926 dis·
1976 915 2002 942 „

235 957 428 1007 crimini
446 959 599 1007 duces
614 958 879 1007 dirimente
897 960 1094 1007 fortuna
1111 957 1239 1006 filius
1259 973 1460 1020 quoque
1478 974 1658 1020 paruus
1676 957 1898 1020 Pompei,
1994 958 2003 996 ῖ

188 1028 363 1100 §Iulia
409 1048 567 1098 natus,
617 1038 744 1087 intra
790 1039 941 1087 breue
988 1038 1201 1101 spatium
1249 1038 1384 1087 obiit.
1474 1047 1580 1086 tum
1621 1038 1673 1086 in
1710 1038 1900 1101 gladios
1929 998 2014 1089 καί

234 1120 500 1184 caedisque
532 1119 717 1169 ciuium
741 1121 932 1169 furente
959 1120 1164 1180 ambitu,
1191 1119 1331 1169 cuius
1364 1137 1527 1183 neque
1558 1120 1669 1169 finis
1698 1120 1902 1183 reperie-
1982 1080 2005 1209 ἶ

233 1203 377 1252 batur
401 1219 494 1251 nec
518 1204 712 1262 modus,
739 1201 909 1251 tertius
934 1203 1218 1251 consulatus
1244 1202 1335 1251 soli
1361 1204 1452 1253 Cn.
1481 1202 1723 1265 Pompeio
1752 1202 1901 1252 etiam
1980 1207 2005 1319 Q

233 1282 602 1350 aduersantium
635 1293 782 1332 antea
813 1282 1039 1349 dignitati
1071 1283 1176 1332 eius
1208 1283 1393 1332 iudicio
1422 1285 1614 1332 delatus
1647 1293 1733 1343 est,
1761 1283 1901 1333 cuius
1980 1303 2005 1376 ἶ

233 1363 314 1413 ille
339 1363 541 1413 honoris
565 1363 718 1427 gloria
735 1365 872 1412 uelut
891 1363 1216 1413 reconciliatis
1237 1363 1330 1413 sibi
1349 1364 1669 1427 optimatibus
1689 1365 1902 1415 maxime

233 1462 263 1493 a
288 1446 343 1495 C.
373 1447 584 1495 Caesare
611 1444 850 1493 alienatus
875 1454 949 1493 est
966 1463 980 1506 3
1015 1446 1103 1494 sed
1128 1444 1232 1494 eius
1262 1446 1546 1494 consulatus
1571 1462 1773 1495 omnem
1797 1447 1901 1496 uim
1929 1464 1987 1511 ¹5.
2013 1459 2014 1482 ἐ

183 1544 210 1581 4
234 1524 285 1573 in
318 1525 668 1575 coercitionem
698 1525 913 1574 ambitus
938 1525 1164 1575 exercuit.
1231 1528 1901 1589 >quossempore-EfG-ledius
1978 1515 1989 1556 i

232 1622 263 1654 a
293 1606 485 1669 Milone
521 1606 788 1663 candidato
821 1606 1634 1670 consulatusssxemphjnutiliter
1665 1610 1796 1673 facto
1823 1611 1908 1658 sed

234 1687 431 1737 salutari
478 1688 547 1737 rei
592 1688 821 1752 publicae
864 1688 993 1737 circa
1035 1688 1253 1738 Bouillas
1295 1697 1547 1738 contracta
1593 1706 1652 1739 ex
1693 1707 1901 1740 occursu
1976 1683 2014 1737 .ῗὲ

233 1771 334 1818 rixa
357 1770 602 1834 iugulatus
635 1779 721 1820 est.
797 1770 1042 1820 Milonem
1072 1787 1211 1819 reum
1244 1788 1346 1819 non
1379 1770 1534 1834 magis
1566 1770 1755 1821 inuidia
1786 1772 1902 1821 facti

187 1871 209 1910 5
235 1867 385 1914 quam
422 1851 630 1915 Pompei
648 1851 919 1901 vdamnauit
954 1853 1216 1912 uoluntas;
1251 1868 1402 1915 quem
1434 1852 1638 1915 quidem
1673 1855 1743 1902 M.
1773 1854 1901 1904 Cato
1927 1871 1978 1902 20

232 1933 397 1994 palam
426 1934 524 1981 lata
554 1932 769 1982 absoluit
801 1932 1073 1982 sententia:
1111 1932 1197 1996 qui
1225 1932 1266 1982 si
1298 1933 1534 1985 maturius
1567 1933 1771 1994 tulisset,
1798 1951 1901 1983 non
2013 1927 2014 1930 Ἴ

233 2013 504 2062 defuissent
551 2013 636 2077 qui
683 2022 1003 2077 sequerentur
1049 2015 1329 2076 exemplum
1375 2013 1740 2077 probarentque
1787 2032 1902 2064 eum

233 2094 395 2143 ciuem
428 2094 663 2155 occisum,
695 2112 796 2159 quo
832 2112 982 2145 nemo
1016 2095 1337 2159 perniciosior
1371 2095 1440 2145 rei
1474 2095 1703 2159 publicae
1739 2114 1902 2161 neque

233 2175 378 2225 bonis
403 2176 647 2226 inimicior
670 2177 867 2226 uixerat.

141 2260 210 2321 48
298 2259 449 2327 {9513
464 2257 615 2318 breue
652 2258 835 2325 deinde
867 2257 1080 2322 spatium
1112 2258 1229 2307 belli
1261 2257 1418 2325 ciuilis
1442 2268 1723 2324 exarserunt
1746 2258 1898 2322 initia,
1916 2278 1946 2322 v2

235 2353 350 2414 cum
374 2337 668 2388 iustissimus
693 2338 903 2403 quisque
935 2348 984 2388 et
1015 2356 1046 2388 a
1083 2340 1294 2389 Caesare
1332 2348 1380 2388 et
1411 2356 1442 2388 a
1478 2339 1720 2403 Pompeio
1752 2342 1902 2390 uellet

288 2480 313 2517 3
344 2474 491 2517 gestae
511 2467 554 2505 A
577 2483 586 2507 ε
615 2481 697 2508 om.
713 2466 764 2519 P,
787 2467 860 2507 sed
861 2468 998 2517 fuisse
1015 2468 1059 2506 in
1080 2467 1342 2507 Murbacensi
1357 2471 1530 2507 testatur
1543 2467 1682 2506 Burer
1814 2483 1839 2519 4
1860 2467 1901 2507 id
1971 2471 1973 2474 ’

234 2535 323 2583 del„
346 2536 435 2575 dein
454 2542 652 2587 suprascr.
670 2530 720 2576 n‘i
726 2535 768 2574 A
864 2537 1067 2576 sit-fuerit
1081 2536 1208 2575 fuerit
1226 2536 1268 2575 A
1291 2536 1378 2589 (sic)
1472 2537 1655 2586 septimo
1679 2537 1766 2588 (sic)
1787 2536 1900 2577 ΑΡ;

233 2596 384 2640 quarto
416 2591 611 2641 Laureut,
635 2595 870 2641 corruptum
889 2604 952 2629 vn
971 2604 1021 2629 ex
1044 2603 1111 2628 1111
1143 2595 1258 2629 ratus
1420 2602 1445 2640 5
1476 2590 1611 2630 Gallis
1635 2590 1678 2628 A
1790 2593 1818 2630 6
1846 2605 1902 2631 ex

234 2644 396 2683 inuidia
413 2645 539 2684 Ponti
559 2651 601 2684 et
623 2645 828 2684 Camiliae
845 2644 913 2698 (ac
929 2646 976 2685 C.
990 2642 1049 2696 P)
1073 2645 1318 2684 coherentis
1337 2645 1521 2696 (cohaer.
1537 2645 1595 2697 P)
1617 2644 1730 2684 AP:
1751 2651 1901 2696 poten-

233 2699 319 2738 tiae
348 2700 457 2738 male
487 2700 654 2738 cohaer.
676 2700 843 2750 Lipsius
972 2712 1066 2739 cum
1099 2700 1169 2738 illa
1200 2713 1329 2750 aegre
1358 2701 1501 2751 scripsi
1691 2711 1739 2748 14
1768 2701 1900 2739 ueluti

233 2752 277 2790 P
483 2756 532 2792 16
561 2755 866 2794 coercitionem
896 2754 963 2792 B:
993 2755 1255 2793 coertionem
1283 2753 1392 2793 ΑΡ;
1438 2754 1697 2794 coercitione
1729 2755 1902 2793 Cludius

235 2808 429 2846 exercuit
456 2807 547 2846 ΑΡ
767 2820 813 2858 17
845 2808 1045 2858 exemplo
1091 2809 1298 2847 inutiliter
1330 2809 1439 2848 facto
1460 2809 1634 2848 salutari
1662 2808 1759 2857 ΑΡ,
1794 2809 1907 2859 quod

234 2862 363 2899 tuitus
390 2867 448 2900 est
479 2862 526 2901 G.
552 2862 611 2902 A.
632 2862 774 2902 Koch:
804 2876 870 2903 ex.
898 2863 1049 2914 inutili,
1082 2864 1193 2902 sacto
1223 2863 1299 2903 sal.
1324 2863 1531 2903 Gelenius:
1564 2877 1632 2902 ex.
1659 2862 1795 2902 inutili
1822 2864 1900 2903 sed

234 2915 346 2955 facto
367 2917 441 2956 sal.
470 2916 669 2956 Vrsinus:
699 2931 765 2956 ex.
788 2918 942 2967 inutili,
965 2923 1154 2956 ceterum
1181 2918 1206 2957 f.
1235 2918 1409 2957 salutari
1428 2917 1652 2956 Heinsius:
1684 2931 1752 2957 ex.
1774 2918 1899 2957 inuti-

235 2970 343 3021 liter,
368 2971 480 3010 facto
499 2971 742 3011 salutariter
761 2972 899 3010 Halm
1061 2984 1111 3022 19
1139 2985 1258 3011 raum
1277 2973 1400 3023 legere
1420 2972 1525 3010 mihi
1543 2972 1657 3010 uisus
1675 2985 1771 3010 sum
1791 2972 1833 3011 in
1854 2972 1896 3010 A

235 3037 287 3074 23
315 3026 469 3075 pernit.
491 3025 533 3062 A

1045 3090 1097 3131 66
