2014 3392
811 261 1028 310 LIBER
1065 262 1120 310 II

132 413 246 447 eum
273 395 436 460 ipsum
467 397 649 456 locum,
676 412 776 459 qua
806 412 894 445 cor
929 395 1123 456 emicat,
1150 395 1410 460 impellens
1446 413 1499 446 se
1535 396 1585 446 in
1624 386 1804 447 uulnus

132 496 235 529 uno
259 478 360 528 ictu
384 479 644 527 transfixus
667 476 933 541 exspirauit
955 487 1206 541 protenuS.

202 561 449 619 Messalla,
476 558 863 623 fulgentissimus
901 558 1110 620 iuuenis,
1136 558 1388 623 proximus
1421 559 1472 609 in
1509 559 1602 610 illis
1635 560 1803 610 castris
1825 573 1881 623 71

133 641 272 691 Bruti
309 641 552 705 Cassique
597 639 889 701 auctoritati,
933 658 1048 690 cum
1100 650 1266 690 essent
1319 640 1406 705 qui
1460 659 1575 691 eum
1623 644 1804 692 ducem

9 783 24 786 Ἴ,
84 742 107 783 5
131 732 406 787 poscerent,
438 721 620 772 seruari
659 721 904 772 beneficio
943 722 1167 773 Caesaris
1206 722 1379 772 maluit
1416 739 1567 787 quam
1600 723 1806 773 dubiam

130 820 271 868 spem
294 820 544 853 armorum
564 812 804 866 temptare
821 802 1035 867 amplius
1053 821 1066 863 3
1100 820 1195 853 nec
1211 813 1298 853 aut
1316 803 1516 855 Caesari
1531 803 1807 868 quidquam

130 902 191 935 ex
226 884 444 934 uictoriis
479 883 580 933 suis
618 883 710 932 fuit
747 883 922 933 laetius
960 900 1111 948 quam
1148 901 1370 934 seruasse
1408 884 1684 936 Coruinum
1722 895 1808 934 aut

133 966 291 1016 maius
326 967 610 1030 exemplum
646 965 864 1015 hominis
898 965 1021 1030 grati
1057 983 1118 1016 ac
1154 965 1237 1030 pii,
1278 983 1428 1030 quam
1471 960 1720 1018 Coruinus
1756 967 1807 1016 in

132 1049 397 1099 Caesarem
433 1046 537 1096 fuit.
610 1063 713 1096 non
750 1046 887 1097 aliud
923 1047 1110 1097 bellum
1142 1047 1392 1098 cruentius
1425 1050 1578 1098 caede
1607 1047 1810 1098 clarissi-

82 1149 110 1178 ο
131 1144 327 1177 morum
373 1126 591 1177 uirorum
638 1126 742 1176 fuit.
815 1137 922 1176 tum
960 1127 1167 1179 Catonis
1204 1128 1333 1178 filius
1371 1128 1582 1190 cecidit;
1633 1131 1809 1179 eadem
1834 1153 1854 1181 2

135 1210 399 1258 Lucullum
439 1207 884 1272 Hortensiumque,
911 1208 1416 1260 eminentissimorum
1450 1209 1635 1260 ciuium
1664 1209 1807 1271 filios,

131 1291 329 1340 fortuna
351 1289 555 1339 abstulit
574 1308 590 1351 ‚·
624 1306 741 1339 nam
765 1292 923 1340 Varro
946 1292 1012 1340 ad
1036 1291 1305 1341 ludibrium
1330 1291 1594 1342 moriturus
1619 1291 1810 1342 Antoni
1835 1306 1858 1345 3

130 1371 283 1436 digna
306 1371 393 1421 illo
414 1388 476 1421 ac
499 1388 617 1421 uera
639 1373 705 1421 de
736 1371 869 1422 exitu
901 1372 1007 1422 eius
1032 1390 1212 1437 magna
1235 1391 1350 1423 cum
1375 1374 1599 1424 libertate
1624 1374 1811 1424 omina-

132 1464 211 1503 tus
251 1463 339 1503 est.
414 1455 607 1502 Drusus
651 1453 836 1514 Liuius,
878 1453 1035 1504 Iuliae
1075 1457 1331 1518 Augustae
1371 1465 1522 1520 pater,
1566 1465 1615 1505 et
1649 1443 1811 1505 Varus

59 1550 108 1593 ¹5
132 1533 421 1598 Quintilius,
447 1551 512 1584 ne
541 1543 781 1598 temptata
818 1534 1023 1599 quidem
1055 1534 1211 1585 hostis
1236 1536 1585 1597 misericordia,
1611 1538 1733 1586 alter
1757 1554 1811 1586 se

134 1616 240 1681 ipse
278 1615 329 1665 in
361 1616 683 1666 tabernaculo
715 1615 976 1677 interemit,
1003 1619 1163 1667 Varus
1187 1627 1355 1668 autem
1379 1617 1555 1679 liberti,
1582 1635 1733 1683 quem
1757 1618 1811 1668 id

132 1699 294 1747 facere
317 1707 559 1762 coegerat,
586 1714 752 1758 manu,
779 1715 894 1748 cum
920 1715 973 1748 se
996 1698 1272 1764 insignibus
1304 1702 1552 1750 honorum
1583 1702 1808 1761 uelasset,

133 1779 379 1844 iugulatus
403 1789 491 1829 est.

203 1863 360 1911 Hunc
391 1860 576 1910 exitum
618 1863 689 1911 M.
719 1861 858 1911 Bruti
890 1862 1103 1927 partium
1141 1863 1408 1928 septimum
1433 1874 1483 1915 et
1507 1864 1809 1915 tricesimum
1832 1880 1899 1930 72

15 1979 19 2008 ὁ
57 1959 111 1990 20
131 1960 321 1993 annum
344 1942 535 2007 agentis
559 1945 756 1993 fortuna
780 1961 888 1994 esse
919 1945 1092 2007 uoluit,
1118 1945 1404 2011 incorrupto
1435 1946 1605 1997 animo
1629 1946 1735 1997 eius
1759 1946 1811 1996 in

15 2013 20 2023 ’
133 2025 283 2086 diem,
309 2042 439 2089 quae
461 2024 531 2074 illi
555 2025 719 2075 omnis
744 2025 949 2076 uirtutes
982 2027 1128 2077 unius
1152 2028 1426 2079 temeritate
1450 2028 1566 2079 facti
1589 2028 1805 2079 abstulit.

134 2106 225 2156 fuit
247 2116 415 2156 autem
440 2108 542 2157 dux
566 2106 768 2157 Cassius
793 2107 980 2169 melior,
1007 2119 1195 2173 quanto
1219 2109 1295 2159 uir
1326 2113 1537 2160 Brutus:
1574 2127 1603 2160 e
1626 2109 1808 2174 quibus
1833 2127 1852 2154 2

138 2191 345 2238 Brutum
390 2187 609 2237 amicum
657 2189 839 2239 habere
881 2191 1067 2252 malleS,
1107 2190 1364 2241 inimicum
1412 2191 1566 2256 magis
1613 2191 1811 2242 timeres

134 2270 398 2331 Cassium3
454 2269 505 2320 in
551 2272 707 2321 altero
754 2270 911 2322 maior
956 2271 1046 2334 uiS‚
1096 2272 1147 2322 in
1193 2274 1348 2324 altero
1395 2273 1579 2324 uirtus:
1638 2273 1724 2338 qui
1771 2273 1812 2324 si

57 2370 109 2413 25
134 2353 384 2414 uicissent,
421 2363 664 2417 quantum
704 2353 772 2403 rei
813 2353 1043 2419 publicae
1084 2354 1303 2405 interfuit
1344 2357 1609 2407 Caesarem
1646 2355 1811 2421 potius

414 2494 457 2517 us

189 2539 216 2566 a
243 2523 517 2567 transfixieA
535 2525 625 2576 (sic)
739 2525 967 2578 expirauit.
1019 2528 1232 2569 Protenus
1253 2527 1477 2579 (Protinus
1496 2528 1555 2580 Ρ)
1569 2528 1683 2569 AP:
1712 2542 1811 2581 exp.

137 2581 330 2633 protinus
342 2580 523 2633 Scheffer
626 2594 651 2630 4
672 2581 895 2632 Cassiique
915 2581 1006 2622 ΑΡ
1091 2584 1355 2624 authoritate
1368 2583 1412 2623 A
1526 2585 1554 2623 6
1573 2589 1783 2635 temptare
1801 2606 1813 2618 ·

135 2635 335 2687 Amplius
353 2635 397 2675 A
417 2650 428 2676 z
457 2641 627 2675 tentare
654 2635 700 2675 P
821 2649 872 2676 10
899 2637 1068 2679 caeeidit
1095 2637 1140 2679 A
1272 2651 1320 2678 12
1351 2638 1408 2678 M.
1430 2638 1567 2679 Varro
1593 2638 1811 2679 Gudeman

138 2690 321 2731 lubrium
333 2689 424 2741 del„
440 2689 531 2730 dein
543 2696 745 2742 suprascr.
761 2691 988 2732 ludibrium
1000 2691 1044 2732 A
1181 2693 1358 2733 Antonii
1372 2692 1465 2733 ΑΡ
1592 2705 1641 2743 14
1664 2693 1812 2734 Liuiae

136 2786 359 2838 Augustae
377 2786 521 2827 Aldus
634 2798 682 2837 15
703 2794 910 2839 temptata
925 2786 1000 2829 A.
1028 2794 1190 2830 tentata
1204 2788 1248 2829 P
1330 2802 1378 2841 19
1397 2789 1627 2840 septimum
1640 2792 1678 2831 &
1695 2758 1812 2831 xxxin

135 2855 212 2896 A.
200 2869 213 2881 ⁶
241 2856 468 2908 septimum
489 2858 527 2897 δι
545 2868 646 2897 xxx.
662 2855 706 2895 P
828 2870 883 2897 20
901 2856 1098 2899 fortunae
1112 2858 1157 2899 A
1285 2859 1532 2910 incorrupto
1559 2858 1812 2900 T011.c0r-

138 2916 267 2962 rupto
295 2908 396 2959 ΑΡ,
425 2909 539 2963 quod
564 2910 615 2952 G.
641 2909 701 2952 A.
727 2910 842 2951 Koch
866 2913 1040 2964 retinuit,
1073 2917 1294 2965 tamquam
1332 2913 1417 2954 dies
1451 2914 1711 2966 segnficetur,
1749 2929 1814 2955 cun

136 2966 341 3018 corruptio
358 2965 497 3005 aninu'
479 2969 745 3034 —tamquam
751 2965 850 3017 sato
867 2965 1069 3007 destinata
1074 2967 1220 3019 suen!
1278 2967 1367 3009 Sed
1390 2967 1528 3008 dubito
1626 2981 1697 3010 aio
1716 2968 1807 3021 del„

137 3032 228 3075 debu
246 3041 447 3088 suprascr:
471 3028 539 3075 a—io
557 3033 602 3074 A
743 3047 792 3076 οι
823 3047 975 3077 omnes
992 3035 1085 3077 ΑΡ
1189 3036 1284 3078 facti
1307 3035 1564 3078 Rhenanus.
1594 3036 1696 3079 fecit
1710 3036 1802 3079 AP

948 3184 1002 3239 ⁸7
