2014 3392
801 281 1018 329 LIBER
1054 281 1111 329 ΙΙ

21 419 26 422 ”
116 433 231 466 cum
255 416 684 467 abundantissima
706 433 868 466 rerum
894 415 1120 466 omnium
1141 416 1299 481 copia,
1320 416 1553 467 exercitui
1573 416 1791 468 Caesari·

116 515 216 562 que
239 515 293 548 se
316 508 485 547 lunxit.

115 662 481 725 qualecumque
504 670 593 721 est,
619 659 846 710 inseram.
919 677 1035 710 cum
1060 659 1337 710 citeriorem
1365 659 1523 724 ripam
1551 660 1791 724 praedicti

15 732 19 793 ξ
68 753 93 795 5
115 741 334 791 fluminis
375 741 545 791 castris
586 757 972 805 occupassemus
1012 750 1063 790 et
1102 740 1304 790 ulterior
1342 750 1531 790 armata
1571 740 1790 790 hostiurn

15 811 17 815 ¹
115 822 297 873 uirtute
320 825 540 887 fulgeret,
566 823 661 873 sub
689 839 893 873 omnem
926 832 1119 872 motum
1152 825 1482 888 undecumque
1513 831 1790 872 nostrarum

115 904 320 954 nauium
344 904 570 969 protinus
593 902 955 968 refugientium,
977 920 1106 953 unus
1130 920 1159 953 e
1183 903 1403 953 barbaris
1426 912 1587 953 aetate
1611 902 1789 963 senior,

116 1001 323 1049 corpore
368 986 628 1046 excellen3‚
677 984 931 1049 dignitate,
979 994 1222 1049 quantum
1270 985 1567 1035 ostendebat
1613 986 1790 1044 cultuS,

115 1066 356 1126 eminenS,
391 1075 638 1127 (nuatum,
675 1075 730 1115 ut
765 1065 860 1115 illis
895 1082 1006 1115 mos
1041 1075 1129 1126 est,
1164 1082 1224 1115 ex
1260 1065 1464 1115 materia
1500 1064 1792 1115 conscendit

66 1166 97 1195 ο
115 1149 315 1197 alueum
356 1149 593 1211 solusque
632 1146 685 1197 id
732 1146 898 1211 nauigi
944 1163 1100 1211 genus
1141 1156 1422 1210 temperans
1462 1149 1528 1197 ad
1569 1145 1792 1197 medium

116 1227 357 1293 processit
379 1228 598 1278 fluminis
622 1238 671 1278 et
694 1227 849 1292 petiit,
876 1227 1044 1278 liceret
1068 1227 1163 1277 sibi
1192 1227 1299 1278 sine
1330 1227 1551 1292 periculo
1579 1227 1631 1276 in
1663 1244 1790 1288 eam,

116 1326 268 1374 quam
295 1309 445 1359 armis
480 1310 788 1370 tenebamuS‚
815 1308 982 1374 egredi
1016 1308 1173 1373 ripam
1208 1326 1268 1358 ac
1303 1308 1474 1359 uidere
1509 1309 1788 1360 Caesarem.

116 1392 234 1441 data
278 1390 468 1455 petenti
513 1392 733 1440 facultas.
807 1400 913 1440 tum
959 1392 1171 1454 appulso
1211 1390 1355 1440 lintre
1396 1399 1446 1440 et
1486 1389 1573 1440 diu
1613 1389 1791 1439 tacitus

16 1533 18 1542 ‚
117 1474 483 1537 contemplatus
515 1474 795 1532 Caesarem,
826 1481 995 1522 nostra
1022 1471 1241 1536 quidem,
1272 1471 1447 1535 inquit,
1478 1470 1593 1520 furit
1623 1471 1794 1520 iuuen-

16 1562 20 1566 ”
69 1570 94 1612 5
118 1564 211 1615 ωε,
238 1571 368 1618 quae
391 1571 506 1603 cum
531 1563 751 1603 uestrum
776 1570 962 1603 numen
986 1552 1268 1602 absentium
1294 1555 1438 1613 colat,
1459 1552 1792 1616 praesentium

116 1635 283 1700 potius
305 1652 443 1685 arma
465 1634 642 1685 metuit
665 1651 815 1699 quam
841 1634 1062 1699 sequitur
1085 1635 1251 1684 fidem.
1317 1635 1407 1684 sed
1431 1650 1524 1698 ego
1547 1632 1794 1683 beneficio

117 1727 168 1767 et
204 1716 446 1781 permissu
484 1725 587 1777 tu0,
625 1717 822 1776 Caesar,
860 1733 987 1781 quos
1021 1725 1138 1765 ante
1174 1715 1456 1775 audiebam,
1495 1714 1648 1765 hodie
1689 1714 1794 1765 uidi

117 1800 256 1859 deos,
282 1814 377 1848 nec
400 1797 670 1847 feliciorem
702 1799 860 1846 ullum
892 1797 1025 1847 uitae
1057 1813 1198 1846 meae
1229 1805 1315 1846 aut
1347 1795 1517 1860 optaui
1548 1805 1634 1845 aut
1662 1795 1794 1846 sensi

117 1879 267 1930 diem.
361 1878 726 1943 impetratoque
766 1888 821 1928 ut
868 1895 1072 1928 manum
1111 1877 1431 1942 contingeret,
1471 1894 1696 1927 reuersus
1742 1876 1794 1926 in

119 1960 417 2021 nauiculam,
466 1960 573 2010 sine
619 1961 719 2010 fine
765 1969 1049 2024 respectans
1097 1960 1362 2011 Caesarem
1409 1958 1543 2023 ripae
1590 1975 1792 2008 suorum

117 2044 357 2107 appulsus
398 2051 486 2091 est.
558 2040 719 2091 uictor
758 2041 984 2091 omnium
1022 2040 1244 2105 gentium
1282 2042 1621 2104 locorumque,
1665 2056 1793 2104 quos
1817 2057 1841 2097 3

117 2123 307 2174 adierat
329 2124 527 2183 Caesar,
554 2139 669 2172 cum
693 2121 934 2172 incolumi
956 2122 1299 2186 inuiolatoque
1323 2131 1372 2171 et
1401 2123 1555 2171 semel
1584 2130 1796 2171 tantum-

120 2206 276 2256 modo
313 2220 493 2268 magna
533 2220 648 2253 cum
688 2205 830 2254 clade
870 2203 1089 2254 hostium
1128 2205 1301 2254 fraude
1342 2220 1514 2253 eorum
1553 2212 1796 2267 temptato

50 2398 53 2401 “
121 2391 326 2431 ulteriora
344 2389 388 2428 A
555 2390 584 2428 6
613 2389 835 2430 iuuentute
854 2389 899 2429 P
1004 2396 1162 2441 motuq.
1186 2390 1229 2441 qi
1252 2390 1312 2441 (qi
1332 2389 1548 2441 pallidiore
1567 2394 1798 2429 atramento

121 2451 168 2485 ut
185 2452 317 2498 paene
337 2443 513 2483 deletum
543 2443 748 2493 us‘deatur)
768 2444 812 2483 A
832 2458 843 2484 ε
882 2450 1127 2495 metumque
1155 2443 1304 2494 Bam,
1329 2444 1402 2484 sed
1425 2443 1642 2484 adnotauit
1668 2446 1680 2466 ⁴
1695 2444 1802 2483 inter

121 2512 289 2541 omnem
318 2505 564 2549 motumque
583 2498 783 2550 quiddam
803 2498 931 2539 deesse
955 2498 1138 2538 affletur·
1157 2513 1167 2539 z
1209 2505 1369 2539 motum
1388 2498 1451 2540 P:
1494 2499 1798 2549 cuiuscumque

120 2554 347 2594 Heinsius:
374 2554 456 2593 sub
482 2559 631 2593 nutum
658 2559 902 2605 motumque
927 2552 1104 2594 Walter:
1147 2553 1227 2594 sub
1257 2566 1297 2594 ο.
1319 2559 1520 2593 conatum
1549 2559 1796 2604 motumque

122 2609 286 2649 Iacobo:
328 2608 409 2648 sub
442 2620 483 2648 ο.
513 2613 672 2648 motum
702 2614 987 2660 conatumque
1015 2607 1181 2648 Halm:
1223 2609 1523 2659 undecumque
1560 2608 1711 2660 scripsi,
1743 2610 1793 2657 qs.

122 2662 223 2705 sen.
252 2662 301 2702 de
331 2662 406 2703 Vit.
439 2662 553 2702 beata
581 2675 633 2714 27
663 2663 782 2714 rupis
809 2676 936 2714 quam
966 2663 1118 2703 fluctus
1147 2675 1233 2703 non
1260 2663 1473 2712 desinunt,
1501 2662 1797 2713 undecumque

123 2718 224 2759 moti
237 2724 351 2768 sunt,
370 2717 599 2758 uerberare
676 2730 700 2768 7
720 2718 860 2758 auium
873 2717 915 2756 A
998 2729 1048 2758 10
1068 2718 1225 2769 nauigii
1242 2716 1332 2756 ΑΡ
1404 2729 1453 2756 12
1474 2717 1723 2757 tenebamus
1734 2715 1778 2755 P
1786 2730 1797 2757 z

124 2772 404 2814 tendebamus
432 2770 516 2810 BA
661 2784 677 2810 ι
684 2784 711 2823 3
740 2773 839 2813 data
858 2770 943 2812 BA
962 2786 973 2812 :
1002 2772 1102 2812 data
1120 2786 1146 2812 a
1161 2772 1348 2812 Caesare
1367 2770 1419 2821 P,
1445 2777 1455 2794 ⁶
1468 2771 1563 2811 Hoc
1579 2785 1604 2811 a
1623 2771 1797 2812 Caesare

124 2829 166 2867 in
180 2832 337 2867 uetusto
347 2826 429 2867 cod.
448 2839 532 2866 non
549 2827 752 2879 aperitur,
770 2826 878 2867 unde
895 2825 1003 2866 unde
1015 2826 1080 2867 ln‘c
1091 2827 1342 2879 immxgranr
1354 2824 1364 2842 '
1380 2824 1518 2866 Burer
1599 2826 1697 2878 adp.
1711 2824 1802 2865 ΑΡ

122 2886 161 2922 et
184 2882 243 2921 sic
267 2894 317 2922 οι
485 2881 659 2933 lynthre
677 2881 720 2920 A
888 2887 932 2921 et
960 2894 1043 2923 om.
1081 2880 1339 2921 Vascosanus
1580 2893 1627 2932 17
1659 2886 1703 2921 et
1720 2881 1763 2921 A
1784 2893 1795 2921 t

124 2949 174 2977 ac
199 2935 245 2976 P
385 2936 442 2976 ho
470 2934 763 2976 tantummodo
790 2934 872 2987 legi
895 2936 938 2975 in
972 2935 1015 2975 A
1051 2936 1180 2975 αἰανὲς
1206 2935 1346 2975 utteris
1369 2935 1495 2975 erasis
1526 2935 1593 2975 uel
1615 2935 1798 2975 absc-1:5³1&

123 2991 279 3086 πέμ
298 3003 444 3031 neme
633 2990 683 3030 18
708 2989 756 3030 a}
789 2989 920 3030 unum
941 2989 984 3030 Α
1008 2990 1100 3043 (sic)
1286 3002 1336 3042 19
1364 2990 1528 3042 impetr.
1551 2989 1616 3031 P:
1646 2989 1796 3042 imper.

923 3197 998 3240 ¹¹7

183 581 303 628 Non
338 589 563 643 tempero
597 577 720 628 mihi
755 578 877 642 quin
912 587 1079 628 tantae
1114 595 1276 628 rerum
1311 578 1642 642 magnitudini
1676 580 1788 640 hoe,
1812 588 1905 639 107

179 2348 197 2375 1
229 2335 514 2386 Caesarisque
531 2333 575 2373 A
762 2348 789 2386 3
820 2335 938 2375 Nont
963 2334 1051 2385 del„
1075 2333 1166 2374 dein
1194 2341 1396 2387 suprascr.
1423 2335 1520 2375 Non
1540 2334 1583 2374 A
1761 2346 1796 2385 ,5
1877 2329 1881 2334 “
