2014 3444
408 925 826 1001 VELLEI
899 922 1518 1001 PATERCVLI

553 1106 691 1173 AD
756 1106 849 1173 M.
913 1105 1374 1173 VINICIVM

804 1277 967 1319 LIBRI
1009 1277 1131 1319 Dvo

700 1451 918 1500 LIBER
963 1449 1232 1499 PRIMVS

197 1622 208 1631 .
248 1621 259 1631 .
298 1621 309 1631 .
347 1582 517 1646 Epeus
560 1588 856 1645 tempestate
901 1577 1166 1630 distractus
1204 1595 1237 1628 a
1276 1578 1407 1629 duce
1453 1594 1546 1629 suo
1587 1579 1802 1629 Nestore
1826 1596 1844 1626 1

132 1666 484 1729 Metapontum
508 1660 748 1713 condidit.
821 1663 1030 1723 Teucer,
1057 1678 1161 1711 non
1193 1669 1422 1725 receptus
1445 1677 1477 1710 a
1498 1669 1638 1725 patre
1661 1662 1805 1711 Tela-

130 1764 281 1798 mone
303 1747 372 1798 ob
403 1744 663 1811 segnitiam
695 1762 799 1796 non
823 1743 1107 1795 uindicatae
1140 1741 1299 1794 fratris
1334 1742 1555 1805 iniuriae,
1583 1744 1805 1808 Cyprum

128 1831 367 1894 adpulsus
421 1826 774 1893 cognominem
828 1825 1015 1891 patriae
1068 1843 1188 1876 suae
1234 1825 1487 1876 Salamina
1531 1824 1802 1876 constituit.

82 1912 358 1975 5'Pyrrhus,
384 1909 593 1960 Achillis
616 1908 761 1971 filius,
788 1907 997 1974 Epirum
1029 1907 1310 1973 occupauit,
1338 1907 1616 1973 Phidippus
1642 1910 1807 1973 Ephy-

129 2010 233 2044 ram
268 1992 322 2043 in
344 1990 656 2057 Thesprotia.
728 2001 779 2042 at
812 2008 898 2042 rex
928 2007 1100 2056 regum
1123 1993 1475 2056 Agamemnon
1510 1999 1807 2055 tempestate
1829 2007 1851 2036 2

129 2075 182 2126 in
229 2076 430 2128 Cretam
476 2074 690 2125 insulam
736 2073 947 2124 reiectus
1001 2072 1087 2124 tris
1133 2072 1205 2123 ibi
1258 2071 1394 2123 urbis
1448 2071 1632 2134 statuit,
1681 2073 1806 2123 duas

128 2176 160 2208 a
205 2158 391 2223 patriae
436 2157 655 2219 nomine,
695 2175 848 2208 unam
893 2174 925 2208 a
964 2156 1202 2208 uictoriae
1247 2156 1502 2220 memoria,
1547 2159 1804 2222 MycenaS,

130 2242 366 2306 Tegeam,
406 2242 716 2305 Pergamum.
789 2239 925 2291 idem
972 2257 1090 2291 mox
1135 2241 1320 2291 scelere
1366 2239 1601 2305 patruelis
1647 2239 1806 2291 fratris

131 2321 371 2388 Aegisthi,
397 2321 749 2373 hereditarium
774 2321 1046 2373 exercentis
1078 2321 1131 2372 in
1155 2339 1271 2372 eum
1296 2321 1486 2383 odium,
1513 2330 1563 2372 et
1586 2321 1806 2373 facinore

130 2404 294 2455 uxoris
339 2420 606 2470 oppressus
652 2402 908 2455 occiditur.
987 2403 1126 2469 regni
1170 2402 1357 2469 potitur
1403 2402 1671 2473 Aegisthus
1718 2420 1806 2468 per
1828 2416 1853 2457 3

129 2503 289 2537 annos
336 2501 425 2536 vn.
498 2487 634 2536 hunc
681 2486 884 2537 Orestes
931 2494 1240 2550 matremque
1296 2484 1432 2536 socia
1483 2484 1805 2535 consiliorum

131 2567 357 2619 omnium
405 2584 573 2619 sorore
622 2569 832 2629 Electra,
881 2566 1034 2619 uirilis
1079 2566 1235 2618 animi
1281 2566 1480 2628 femina,
1524 2567 1801 2617 obtruncat.

132 2650 319 2701 factum
356 2649 462 2701 eius
502 2667 534 2700 a
567 2648 663 2701 diis
701 2650 1083 2715 comprobatum
1121 2648 1283 2715 spatio
1318 2648 1451 2699 uitae
1488 2658 1538 2699 et
1572 2647 1806 2699 felicitate

135 2731 329 2798 imperii
373 2731 634 2797 apparuit3
690 2731 878 2797 quippe
924 2731 1046 2782 uixit
1091 2730 1236 2782 annis
1282 2745 1366 2791 xe,
1407 2730 1630 2795 regnauit
1680 2744 1801 2780 Lxx.

134 2813 220 2879 qui
266 2830 321 2865 se
366 2813 517 2865 etiam
552 2830 586 2865 a
630 2814 819 2879 Pyrrho
864 2812 1073 2864 Achmis
1127 2812 1232 2865 filio
1282 2811 1465 2863 uirtute
1512 2810 1801 2863 uindicauit.

192 2958 210 2986 x
228 2944 376 2998 Epeus
386 2944 485 2987 add.
501 2944 669 2993 Limes
765 2958 792 2996 4
810 2944 1123 2997 cognomine?
1209 2954 1237 2995 5
1267 2942 1490 2995 Philippus
1502 2941 1556 2991 P,
1568 2955 1647 2983 em.
1661 2940 1805 2982 Aldus

133 3008 256 3053 upon
373 2997 564 3052 qtresP
648 2998 840 3042 urbes?
925 2998 1253 3052 9&ng
1351 3002 1457 3039 ποστ
1478 3010 1524 3038 11
1545 2996 1803 3049 Aegisti...

132 3066 402 3120 mistus?
520 3079 569 3108 ιο
601 3065 1259 3111 ‘alineumsocia'Rhmanus
1371 3078 1422 3118 15
1451 3060 1580 3109 ῐΕ.Ρ
1645 3057 1809 3107 Εἰμὶ)

139 3122 190 3162 16
214 3123 317 3174 quin
342 3121 544 3175 Wopkens

283 3200 293 3213 ι
953 3213 970 3244 ¹
1573 3195 1594 3239 1
