2014 3392
692 215 950 262 VELLEI
987 214 1388 264 PATERCVLI

209 353 381 416 positis
407 352 501 402 Gai
524 369 583 402 ac
608 352 732 401 Luci
755 352 1042 402 nominibus
1066 354 1402 416 adoptauerat,
1428 353 1652 402 admouit
1675 353 1877 417 propius

212 437 466 484 Neronem
514 434 744 486 Caesari:
805 434 989 498 quippe
1035 434 1136 483 filia
1183 435 1311 484 Iulia
1368 435 1488 496 eius,
1538 453 1666 499 quae
1721 438 1878 485 fuerat

166 542 185 569 2
211 516 457 580 Agrippae
498 526 666 580 nupta,
711 516 900 566 Neroni
946 516 1126 580 nupsit.
1200 517 1412 566 subinde
1458 518 1644 566 bellum
1687 520 1879 567 Panno-

211 598 394 658 nicum,
433 600 571 662 quod
605 598 894 647 inchoatum
933 598 1197 662 †Agrippa
1233 601 1508 662 Marcoque
1531 599 1744 660 Vinicio,
1782 616 1880 648 auo

211 689 312 740 tu0‚
332 672 475 740 CU‘S,
494 697 729 743 magnum
753 689 990 744 atroxque
1019 690 1068 729 et
1096 697 1335 744 perquam
1351 680 1571 730 uicinum
1587 681 1880 730 imminebat
1901 693 1924 733 5

166 768 188 806 3
212 761 398 821 Italiae,
447 778 534 824 per
581 763 835 810 Neronem
881 770 1073 823 gestum
1121 770 1206 810 est.
1295 771 1466 825 gentes
1508 761 1879 810 Pannoniorum

212 845 653 907 Delmatarumque
689 842 914 891 nationes
950 842 1199 906 situmque
1233 843 1490 906 regionum
1524 861 1583 893 ac
1618 842 1879 892 fluminum

212 941 573 988 numerumque
609 934 658 973 et
692 926 900 973 modum
936 924 1114 972 uirium
1151 924 1603 989 excelsissimasque
1639 934 1687 974 et
1723 924 1883 975 multi-

214 1006 355 1070 plicis
397 1023 458 1056 eo
492 1007 625 1055 bello
657 1005 887 1055 uictorias
920 1006 1043 1054 tanti
1074 1005 1381 1069 imperatoris
1409 1007 1506 1056 alio
1538 1009 1651 1056 loco
1676 1006 1882 1070 explica-

213 1087 405 1136 bimus:
459 1089 556 1136 hoc
597 1104 723 1150 opus
765 1095 926 1135 seruet
972 1088 1180 1135 formam
1229 1104 1381 1136 suam.
1454 1087 1599 1137 huius
1646 1087 1881 1137 uictoriae
1907 1107 1988 1146 ιο,

213 1186 420 1232 compos
447 1171 582 1218 Nero
607 1186 763 1218 ouans
787 1168 1120 1232 triumphauit.

123 1257 190 1307 97
282 1251 382 1299 Sed
401 1251 522 1299 dum
546 1249 598 1298 in
622 1251 716 1299 hac
740 1259 877 1313 parte
901 1249 1076 1312 imperi
1095 1248 1263 1298 omnia
1281 1260 1515 1313 geruntur
1537 1250 1878 1314 prosperrime,

213 1340 418 1395 accepta
452 1331 504 1380 in
541 1331 809 1381 Germania
843 1332 1009 1380 clades
1046 1332 1139 1380 sub
1174 1333 1336 1395 legato
1371 1334 1441 1381 M.
1471 1331 1646 1393 Lollio,
1678 1332 1882 1382 homine

213 1413 265 1462 in
302 1413 470 1462 omnia
504 1413 745 1477 pecuniae
781 1431 931 1477 quam
966 1423 1098 1462 recte
1133 1413 1347 1463 faciendi
1383 1414 1638 1478 cupidiore
1673 1424 1722 1464 et
1756 1414 1883 1464 inter

214 1513 460 1545 summam
497 1495 730 1544 uitiorum
765 1493 1209 1544 dissimulationem
1245 1494 1577 1556 uitiosissimo‚
1603 1495 1882 1559 amissaque
1905 1514 1987 1556 15

213 1576 419 1640 legionis
445 1576 646 1640 quintae
669 1575 834 1639 aquila
861 1574 1060 1624 uocauit
1083 1575 1147 1624 ab
1171 1575 1292 1624 urbe
1316 1575 1368 1623 in
1393 1576 1577 1625 Gallias
1603 1578 1879 1626 Caesarem.

172 1679 190 1704 2
214 1676 331 1708 cura
371 1658 553 1707 deinde
594 1667 743 1721 atque
785 1674 911 1706 onus
954 1657 1237 1706 Germanici
1283 1657 1400 1706 belli
1447 1659 1671 1721 delegata
1718 1661 1884 1707 Druso

216 1738 442 1799 Claudio,
483 1738 615 1787 fratri
657 1737 885 1798 Neronis,
928 1737 1234 1787 adulescenti
1280 1747 1354 1787 tot
1400 1748 1746 1802 tantarumque
1792 1739 1883 1788 uir-

215 1833 390 1884 tutum,
418 1833 540 1887 quot
564 1833 613 1873 et
637 1833 845 1887 quantas
875 1832 1048 1871 natura
1078 1823 1296 1872 mortalis
1328 1822 1500 1886 recipit
1531 1824 1612 1871 uel
1643 1821 1884 1871 industria

213 1905 414 1969 perficit.
488 1905 627 1955 cuius
658 1906 911 1970 ingenium
949 1917 1114 1957 utrum
1145 1907 1334 1958 bellicis
1366 1907 1520 1971 magis
1553 1907 1785 1971 operibus
1817 1922 1880 1955 an
1906 1924 1956 1953 20

174 2000 195 2038 3
215 1986 442 2036 ciuilibus
491 1987 735 2036 suffecerit
780 1988 980 2049 artibus,
1024 1989 1075 2038 in
1122 1989 1310 2039 incerto
1358 1999 1460 2039 est:
1514 2006 1708 2038 morum
1749 1997 1881 2037 certe

215 2070 430 2118 dulcedo
471 2086 530 2118 ac
566 2069 781 2119 suauitas
817 2080 866 2119 et
901 2073 1138 2121 aduersus
1173 2071 1360 2121 amicos
1396 2088 1555 2135 aequa
1589 2087 1648 2119 ac
1682 2087 1770 2133 par
1805 2068 1881 2118 sui

134 2191 138 2194 .
214 2149 490 2199 aestimatio
548 2150 851 2201 inimitabilis
909 2152 1060 2202 fuisse
1118 2152 1296 2203 dicitur
1312 2172 1326 2214 3
1391 2170 1507 2201 nam
1565 2151 1882 2216 pulchritudo

214 2232 432 2295 corporis
464 2232 686 2296 proxima
716 2236 956 2284 fraternae
988 2234 1091 2284 fuit.
1165 2236 1254 2284 sed
1286 2234 1424 2284 illurn
1457 2251 1636 2298 magna
1659 2251 1718 2283 ex
1745 2243 1883 2297 parte

214 2313 511 2363 domitorem
549 2314 857 2376 Germaniae,
895 2316 1108 2379 plurimo
1143 2316 1248 2365 eius
1283 2316 1441 2380 gentis
1482 2315 1627 2365 uariis
1669 2316 1720 2365 in
1762 2317 1883 2366 locis
1907 2332 1953 2371 25

215 2397 416 2458 profuso
476 2395 727 2459 sanguine,
777 2398 989 2446 fatorum
1047 2397 1279 2461 iniquitas
1334 2399 1605 2458 consulem,
1653 2408 1882 2461 agentem

270 2540 295 2565 2
327 2527 434 2566 Iulia
457 2527 544 2566 filia
572 2527 740 2568 Haase:
781 2527 866 2567 filia
887 2528 979 2567 eius
1002 2528 1032 2567 I.
1059 2528 1255 2579 Gelenius,
1280 2533 1327 2567 ut
1358 2542 1448 2568 100.
1476 2541 1515 2576 2,
1537 2528 1583 2578 cf.
1604 2527 1752 2568 Nova'k
1763 2535 1809 2580 p.
1830 2531 1884 2567 66

216 2594 241 2630 3
260 2581 453 2632 Agrippa
472 2587 630 2632 nuptae
649 2581 692 2620 A
860 2596 886 2632 4
910 2587 1122 2634 corruptus
1140 2583 1251 2622 locus
1268 2596 1390 2633 quem
1411 2583 1633 2622 nemodum
1653 2583 1884 2623 emendauit

215 2660 240 2698 5
272 2650 383 2689 COS
422 2650 498 2689 A·
537 2650 684 2690 COSS
713 2649 780 2690 Ρ·
822 2651 990 2702 szsius
1017 2652 1206 2690 scribebat
1233 2651 1343 2691 inch.
1375 2650 1470 2703 [ab]
1498 2651 1703 2701 Agrippa,
1736 2652 1882 2690 Marco

214 2704 393 2757 Vinicio,
417 2719 452 2744 a.
471 2710 556 2756 tuo,
581 2705 786 2745 consule:
805 2706 989 2756 fortasse
1006 2706 1085 2744 sub
1104 2705 1307 2756 Agrippa,
1326 2705 1400 2759 [Q.
1420 2705 1637 2756 Lucretio]
1652 2706 1882 2756 Marcoque

214 2758 395 2810 Vinicio,
419 2774 457 2800 a.
480 2765 522 2807 t.,
547 2760 792 2799 consulibus
902 2773 980 2810 pro
1000 2773 1125 2810 quam
1144 2760 1187 2798 A
1300 2762 1328 2798 6
1356 2761 1661 2810 pannoriorum
1682 2760 1770 2808 del„
1792 2760 1882 2799 dem

214 2820 414 2864 suprascr.
432 2814 822 2864 pannonicorumA
926 2826 949 2863 7
976 2815 1113 2854 Delm.
1129 2813 1241 2855 AB:
1274 2815 1410 2855 Dalm.
1426 2815 1470 2853 P
1574 2816 1600 2853 8
1629 2815 1883 2865 multiplices

216 2867 305 2906 ΑΡ
429 2883 455 2918 9
484 2869 577 2908 colo
599 2869 684 2918 del„
709 2869 799 2908 dem
818 2875 1016 2920 suprascr.
1037 2868 1188 2908 loeoA
1335 2881 1383 2908 12
1412 2869 1563 2920 imperi
1582 2868 1671 2907 ΑΡ
1832 2881 1882 2919 13

219 2922 338 2962 Lolio
357 2923 448 2962 ΑΡ
568 2935 617 2972 15
646 2924 855 2963 uictorum
874 2923 918 2961 A
1051 2936 1104 2963 20
1132 2924 1300 2974 perficit
1318 2924 1495 2974 Lipsius,
1515 2924 1563 2974 cy(
1586 2923 1626 2962 ii.
1649 2937 1689 2963 2.
1707 2936 1732 2961 2
1753 2924 1882 2968 tantis

218 2977 403 3027 denique
423 2979 653 3017 adornatus
667 2979 906 3028 uirtutibus,
925 2984 1104 3028 quantas
1123 2978 1365 3028 perfecta
1386 2984 1429 3016 et
1449 2983 1598 3017 natura
1618 2984 1660 3017 et
1679 2978 1883 3017 industria

216 3032 406 3070 mortalis
428 3033 621 3072 condicio
641 3034 791 3083 recipit
810 3048 820 3072 ε
848 3033 1029 3083 percipit
1040 3032 1131 3071 ΑΡ
1237 3045 1285 3070 21
1318 3033 1445 3072 armis
1463 3032 1552 3083 del„
1569 3033 1659 3072 dein
1679 3039 1876 3083 suprascr.

215 3087 377 3126 artibus
396 3087 439 3125 A
608 3099 659 3137 25
690 3088 847 3138 genitis
865 3086 907 3125 A

1010 3153 1086 3192 108
