2014 3392
734 240 992 288 VELLEI
1030 239 1431 289 PATERCVLI

252 379 564 429 clementiam
613 378 843 428 uinceret.
931 395 1093 441 neque
1140 378 1364 441 reperiaS,
1414 394 1539 441 quos
1586 386 1670 426 aut
1716 378 1917 441 pronior

251 463 446 510 fortuna
481 460 714 509 comitata
749 459 810 508 sit
845 469 929 508 aut
965 459 1118 508 ueluti
1152 459 1350 522 fatigata
1382 458 1617 507 maturius
1643 459 1915 508 destituerit

250 544 634 604 quaanrutum
659 550 707 590 et
733 540 973 590 Cassium.

160 626 226 676 70
318 626 450 671 Tum
490 624 671 673 Caesar
708 631 757 671 et
794 621 1042 670 Antonius
1080 620 1373 670 traiecerunt
1404 620 1642 670 exercitus
1675 620 1725 668 in
1753 623 1917 669 Mace-

250 703 453 753 doniam
490 713 539 752 et
573 705 706 766 apud
735 703 909 751 urbem
935 701 1190 765 Philippos
1215 719 1329 750 cum
1357 704 1426 750 M.
1452 705 1606 750 Bruto
1643 701 1916 764 Cassioque
1941 721 1961 759 5

247 785 352 834 acie
395 794 757 834 concurrerunt.
831 801 998 843 cornu,
1056 783 1135 832 cui
1186 786 1364 831 Brutus
1411 792 1644 846 praeerat,
1693 782 1916 845 impulsis

248 866 472 915 hostibus
515 875 671 914 castra
713 864 935 915 Caesaris
977 864 1107 927 cepit
1156 863 1292 930 (nam
1339 864 1444 927 ipse
1486 866 1681 924 Caesar,
1726 864 1916 913 etiamsi

248 946 606 995 infirmissimus
645 945 930 994 ualetudine
968 954 1082 1005 erat,
1128 945 1299 994 obibat
1341 945 1511 994 munia
1551 944 1706 1004 ducis,
1751 955 1915 994 oratus

248 1028 395 1077 etiam
420 1028 484 1076 ab
508 1027 706 1076 Artorio
730 1026 941 1087 medico,
968 1044 1031 1075 ne
1055 1026 1106 1074 in
1141 1026 1308 1075 castris
1344 1035 1629 1086 remaneret,
1658 1026 1916 1075 manifesta

248 1107 622 1158 denuntiatione
670 1107 847 1170 quietis
895 1106 1096 1171 territo),
1138 1106 1190 1156 id
1236 1116 1417 1167 autem,
1467 1106 1518 1155 in
1566 1123 1667 1169 quo
1715 1106 1914 1157 Cassius
1944 1128 1991 1155 ιο

248 1191 417 1249 fuerat,
458 1191 679 1252 fugatum
718 1206 776 1237 ac
815 1190 943 1237 male
982 1190 1253 1237 mulcatum
1291 1187 1343 1236 in
1380 1187 1553 1237 altiora
1586 1205 1633 1236 se
1667 1197 1915 1251 receperat

203 1285 220 1314 2
247 1272 368 1320 loca.
442 1279 547 1318 tum
585 1269 785 1319 Cassius
822 1286 880 1318 ex
915 1286 1004 1318 sua
1038 1271 1234 1318 fortuna
1269 1278 1504 1318 euentum
1537 1270 1754 1332 collegae
1777 1268 1916 1317 aesti-

248 1368 402 1411 mans,
438 1368 551 1399 cum
590 1350 855 1400 dimisisset
891 1360 1154 1399 euocatum
1190 1349 1509 1413 iussissetque
1544 1349 1769 1398 nuntiare
1806 1349 1912 1408 sibi,

247 1450 375 1495 quae
400 1441 527 1481 esset
552 1431 818 1480 multitudo
850 1449 909 1480 ac
941 1431 1016 1480 uis
1054 1431 1330 1491 hominum,
1358 1448 1485 1494 quae
1509 1432 1573 1480 ad
1599 1448 1651 1480 se
1676 1433 1912 1490 tenderet,

248 1513 431 1562 tardius
470 1530 530 1562 eo
568 1512 841 1572 nuntiante,
870 1530 983 1561 cum
1022 1512 1074 1560 in
1112 1512 1279 1561 uicino
1318 1522 1447 1561 esset
1478 1528 1655 1575 agmen
1682 1529 1826 1560 cursu
1851 1514 1915 1560 ad
1973 1526 1988 1535 ·

247 1613 361 1644 eum
400 1594 710 1644 tendentium
753 1611 916 1657 neque
956 1596 1160 1657 puluere
1201 1593 1350 1643 facies
1391 1603 1476 1642 aut
1514 1592 1652 1656 signa
1692 1593 1915 1642 denotari

245 1685 460 1739 possent,
488 1675 769 1724 existimans
795 1677 961 1724 hostes
998 1692 1118 1734 esse,
1147 1674 1231 1737 qui
1260 1674 1521 1734 inruerent,
1549 1676 1744 1723 lacerna
1768 1684 1915 1738 caput

246 1756 571 1806 circumdedit
609 1765 956 1818 extentamque
995 1755 1238 1804 ceruicem
1280 1755 1526 1804 interritus
1565 1754 1740 1804 liberto
1780 1772 1915 1818 prae-

199 1854 221 1892 3
246 1838 363 1887 buit.
455 1837 706 1887 deciderat
748 1837 889 1888 Cassi
931 1846 1092 1900 caput,
1129 1854 1242 1886 cum
1282 1846 1517 1885 euocatus
1553 1836 1756 1885 aduenit
1792 1854 1914 1885 nun-

245 1919 370 1968 tians
414 1922 621 1967 Brutum
669 1935 776 1968 esse
817 1918 1070 1967 uictorem.
1144 1917 1228 1981 qui
1271 1935 1385 1966 cum
1423 1917 1768 1980 imperatorem
1806 1934 1914 1980 pro-

245 2009 449 2048 stratum
497 1999 700 2059 uideret,
742 2016 931 2062 sequar,
976 1998 1150 2062 inquit,
1195 2016 1324 2058 eum,
1375 2015 1525 2061 quem
1572 2015 1684 2047 mea
1730 1998 1913 2048 occidit

196 2105 223 2143 4
246 2080 460 2141 tarditas,
505 2090 553 2129 et
591 2080 658 2129 ita
698 2079 749 2128 in
790 2080 1009 2144 gladium
1048 2079 1286 2129 incubuit.
1360 2089 1472 2143 post
1507 2097 1694 2142 paucos
1730 2079 1912 2129 deinde

245 2162 351 2212 dies
390 2165 568 2211 Brutus
605 2162 824 2211 conflixit
859 2179 974 2210 cum
1015 2162 1241 2211 hostibus
1284 2171 1333 2211 et
1370 2161 1529 2210 uictus
1567 2161 1673 2211 acie
1712 2179 1826 2210 cum
1862 2161 1912 2210 in

217 2297 220 2300 ,
246 2245 491 2292 tumulum
521 2253 668 2292 nocte
704 2261 763 2291 ex
794 2245 908 2306 fuga
940 2260 992 2292 se
1024 2242 1300 2306 recepisset,
1327 2242 1607 2306 impetrauit
1634 2260 1664 2291 a
1688 2244 1914 2291 Stratone

246 2328 477 2388 Aegeate,
521 2324 744 2373 familiari
790 2341 895 2384 suo,
939 2333 994 2373 ut
1040 2341 1243 2372 manum
1291 2324 1527 2373 morituro
1575 2326 1914 2373 commodaret
1970 2345 1997 2379 a

202 2422 223 2459 5
248 2407 341 2456 sibi
359 2426 372 2468 3
407 2407 689 2469 reiectoque
713 2408 856 2455 laeuo
882 2422 1028 2469 super
1060 2415 1207 2469 caput
1240 2405 1455 2466 brachio,
1484 2423 1598 2454 cum
1623 2422 1912 2455 mucronem

248 2487 397 2551 gladii
421 2487 526 2536 eius
564 2490 762 2537 dextera
794 2496 967 2535 tenens
1000 2486 1221 2536 sinistrae
1252 2486 1556 2536 admouisset
1581 2486 1825 2536 mamillae
1849 2489 1913 2536 ad

306 2621 332 2657 6
357 2625 415 2669 ip.
435 2618 479 2657 A
499 2633 508 2659 :
538 2619 635 2669 imp.
659 2618 702 2657 P
837 2631 865 2667 9
894 2617 1120 2658 manifesta
1143 2618 1368 2657 Heinsius:
1398 2617 1620 2657 manifeste
1640 2617 1731 2656 ΑΡ
1744 2633 1753 2657 :
1782 2619 1914 2657 mani-

252 2673 386 2713 festae
405 2674 661 2712 Vascosanus
674 2677 709 2711 et
724 2673 850 2712 Orelli
950 2686 966 2710 1
977 2685 994 2710 1
1019 2674 1262 2712 mulctatum
1275 2672 1318 2711 A
1335 2687 1344 2712 :
1374 2673 1593 2711 multatum
1610 2672 1665 2712 P:
1687 2673 1913 2712 mulcatum

260 2729 432 2767 Vrsinus
594 2741 642 2766 se
674 2727 766 2766 add.
806 2727 991 2766 Gelenius
1145 2741 1194 2777 13
1224 2728 1427 2766 nunciare
1455 2724 1521 2766 P‘:
1570 2728 1760 2766 nunciari
1790 2728 1833 2766 A
1871 2733 1918 2766 ut
1992 2768 1994 2770 ,

257 2783 429 2822 Cludius
447 2795 495 2820 ex
512 2783 610 2821 coni.
630 2783 838 2832 scripserat
1005 2794 1052 2830 14
1083 2780 1282 2821 tender&
1299 2782 1359 2833 A,
1381 2781 1454 2820 sed
1467 2791 1496 2796 -
1507 2786 1604 2832 post
1621 2795 1734 2819 eraso
1867 2795 1914 2831 17
1987 2826 1996 2831 ..

255 2837 331 2876 inr.
348 2836 391 2875 A
508 2838 557 2874 18
578 2836 745 2886 prebuit
759 2835 803 2875 A
918 2849 969 2885 19
999 2837 1134 2875 Cassii
1153 2836 1242 2875 ΑΡ
1347 2849 1400 2874 22
1421 2836 1609 2875 incubuit
1623 2835 1688 2874 P:
1718 2836 1916 2875 occubuit
1990 2836 1995 2869 ἓ

255 2891 297 2930 A
340 2895 387 2930 ut
421 2904 470 2929 ex
505 2892 602 2930 coni.
641 2891 850 2941 scripserat
879 2891 1037 2929 amicus
1073 2891 1205 2929 Vossii
1374 2904 1426 2938 24
1456 2890 1663 2929 tumulum
1705 2890 1915 2930 Gelenius:
1988 2910 1994 2926 x

255 2945 479 2984 tumultum
498 2945 589 2984 ΑΡ
703 2946 928 2995 imperauit
947 2945 1178 2984 Astratone
1203 2945 1420 2995 Aegeatae
1437 2945 1480 2983 A
1606 2946 1659 2982 26
1687 2946 1850 2995 sibique
1869 2945 1912 2983 A

254 2999 326 3038 sed
350 2999 469 3038 deleto
496 3013 580 3049 que
719 3012 771 3049 27
802 3000 1012 3039 mamillae
1038 2999 1080 3038 A
1115 3004 1218 3049 recte,
1242 3001 1289 3050 cf.
1310 3000 1480 3040 Lachm.
1503 2998 1562 3038 ad
1584 2999 1739 3038 Lucret.
1762 3000 1786 3038 i.
1807 3001 1916 3049 360:
1980 3027 1995 3042 ,η

256 3054 435 3093 mamilla
455 3053 498 3092 P

1058 3144 1110 3186 86
