2014 3392
815 231 1032 280 LIBER
1067 231 1123 280 II

135 371 385 436 equitibus
408 371 460 420 in
484 372 677 421 theatro
705 373 816 421 loca
846 370 1069 421 restituit.
1140 380 1191 419 at
1216 371 1308 421 Cn.
1338 369 1607 433 Pompeius
1639 368 1807 418 multis
1828 386 1854 425 4

30 511 35 518 Δ
134 464 184 503 et
206 452 467 517 praeclaris
490 452 608 502 uiris
631 452 683 502 in
707 452 760 502 id
778 452 966 502 bellum
988 451 1267 515 adsumptis
1286 450 1623 514 discriptoque
1646 467 1807 514 paene

20 583 23 609 a
79 576 91 586 .
133 534 185 584 in
226 534 390 584 omnis
435 551 659 584 recessus
699 533 847 583 maris
887 533 1136 597 praesidio
1177 532 1397 593 nauium,
1435 531 1576 581 breui
1616 531 1809 581 inexsu-

132 614 339 679 perabili
374 632 526 664 manu
561 625 797 664 terrarum
834 615 1008 664 orbem
1046 613 1274 664 liberauit
1305 615 1684 678 praedonesque
1719 631 1803 677 per

28 700 40 762 {2
84 717 110 757 5
132 698 289 746 multa
318 713 378 746 ac
401 696 569 746 multis
601 695 724 746 locis
755 695 916 746 uictos
945 695 1076 745 circa
1099 695 1327 746 Ciliciam
1360 697 1517 744 classe
1545 696 1806 759 adgressus

131 777 258 827 fudit
281 794 341 827 ac
363 777 584 841 fugauit3
617 787 666 827 et
690 793 793 841 quo
825 776 1063 826 maturius
1092 777 1280 826 bellum
1312 786 1415 826 tam
1447 778 1545 826 late
1569 776 1805 827 diffusum
1829 796 1852 836 5

130 860 411 919 conficeret,
437 858 668 923 reliquias
692 875 865 908 eorum
889 867 1168 908 contractas
1195 858 1248 908 in
1281 858 1488 908 urbibus
1512 867 1806 922 remotoque

131 940 254 990 mari
284 942 398 990 loco
424 938 517 1008 [in]
543 950 677 990 certa
707 942 827 990 sede
856 939 1125 990 constituit.
1198 949 1314 990 sunt
1338 940 1425 1004 qui
1455 942 1554 990 hoc
1586 950 1804 1004 carpant,

129 1023 219 1072 sed
259 1038 564 1086 quamquam
610 1021 662 1071 in
702 1032 905 1072 auctore
945 1021 1062 1072 satis
1099 1021 1302 1072 rationis
1343 1031 1432 1083 est,
1471 1032 1640 1072 tamen
1680 1021 1806 1072 ratio

80 1128 111 1157 0
129 1103 403 1167 quemlibet
438 1119 675 1167 magnum
709 1113 964 1153 auctorem
999 1105 1213 1166 faceret,
1248 1104 1366 1153 data
1402 1102 1536 1152 enim
1573 1105 1805 1153 facultate

129 1184 237 1234 sine
259 1194 402 1249 rapto
425 1184 632 1235 uiuendi
656 1184 840 1248 rapinis
864 1184 1033 1234 arcuit.

197 1266 328 1317 Cum
364 1275 494 1315 esset
528 1265 581 1315 in
616 1267 717 1315 fine
751 1266 940 1316 bellum
975 1266 1236 1331 piraticum
1272 1276 1322 1316 et
1354 1269 1409 1316 L.
1440 1268 1691 1328 LuculluS,
1719 1267 1805 1331 qui
1826 1286 1891 1335 33

35 1373 38 1382 ·
127 1356 245 1396 ante
279 1356 470 1411 septem
502 1364 663 1397 annos
698 1364 759 1397 ex
793 1349 1055 1397 consulatu
1091 1347 1291 1398 sortitus
1315 1347 1488 1398 Asiam
1526 1347 1806 1398 Mithridati

128 1428 387 1493 oppositus
418 1438 522 1479 erat
557 1446 862 1493 magnasque
897 1439 947 1479 et
982 1429 1319 1480 memorabilis
1355 1447 1432 1480 res
1467 1429 1538 1480 ibi
1572 1441 1802 1494 gesserat,

79 1533 105 1574 ⁵
130 1510 456 1560 Mithridaten
503 1527 652 1574 saepe
699 1510 866 1561 multis
913 1511 1036 1561 locis
1078 1513 1286 1572 fuderat,
1336 1511 1529 1576 egregia
1567 1511 1803 1575 Cyzicum

126 1591 355 1642 liberarat
389 1590 611 1652 uictoria,
648 1591 912 1656 Tigranen,
950 1609 1121 1657 regum
1158 1592 1443 1654 maximum,
1478 1593 1530 1642 in
1566 1592 1806 1642 Armenia

126 1673 312 1723 uicerat
362 1673 690 1737 ultimamque
735 1673 870 1723 bello
916 1691 1122 1724 manum
1168 1691 1328 1738 paene
1374 1674 1531 1739 magis
1578 1677 1804 1724 noluerat

33 1815 35 1817 ‚
125 1754 383 1819 imponere
406 1771 558 1819 quam
582 1771 686 1804 non
718 1765 960 1819 potuerat,
987 1756 1074 1820 qui
1106 1755 1293 1820 alioqui
1324 1773 1412 1820 per
1434 1755 1606 1806 omnia
1637 1758 1805 1806 lauda-

125 1836 238 1887 bilis
262 1846 312 1886 et
335 1836 469 1886 bello
492 1852 653 1900 paene
675 1835 891 1887 inuictus
915 1837 1157 1901 pecuniae
1184 1837 1526 1902 pelliciebatur
1549 1838 1799 1903 cupidine,

32 1922 34 1931 ’
88 1917 259 1968 idem
301 1918 489 1967 bellum
530 1919 696 1968 adhuc
736 1918 1115 1980 administraret,
1156 1918 1395 1969 Manilius
1441 1919 1669 1969 tribunus
1715 1922 1799 1984 pl.,

125 2016 321 2064 semper
343 1998 533 2049 uenalis
557 2009 607 2049 et
637 1998 828 2050 alienae
861 1999 1084 2050 minister
1110 2000 1378 2064 potentiae,
1405 2003 1565 2065 legem
1595 2001 1720 2063 tulit,
1747 2012 1802 2052 ut

182 2145 201 2172 1
233 2134 377 2184 aequit.
414 2133 459 2173 A
652 2134 748 2175 loco
795 2134 890 2188 del„
936 2134 1028 2175 dein
1073 2142 1276 2188 suprascr.
1323 2135 1419 2176 loca
1455 2135 1499 2174 A
1687 2121 1802 2177 mitis

124 2186 213 2238 det,
244 2186 337 2228 dein
355 2195 556 2241 suprascr.
590 2189 734 2230 multis
761 2189 805 2228 A
947 2203 974 2230 2
1002 2190 1105 2230 uiris
1133 2191 1205 2238 bis,
1235 2190 1360 2229 altero
1388 2190 1512 2230 deleto
1538 2189 1582 2229 A
1717 2191 1800 2231 dis—

122 2242 263 2294 cripto
280 2256 392 2294 quae
411 2243 454 2282 A
474 2258 485 2284 :
514 2244 819 2296 doecriptoque
839 2243 884 2284 P
1045 2258 1184 2296 paene
1197 2245 1343 2284 Haase
1361 2260 1371 2286 ε
1401 2259 1483 2285 nae
1504 2259 1559 2285 ue
1579 2245 1636 2296 A,
1660 2259 1745 2288 om.
1761 2245 1805 2285 P

123 2308 151 2347 3
180 2297 368 2349 presidio
401 2297 445 2336 A
577 2299 749 2350 inexup.
780 2298 825 2339 P
1020 2313 1047 2349 4
1076 2300 1189 2340 malo
1220 2299 1348 2339 Herel
1551 2314 1630 2352 per
1668 2301 1799 2341 multa

123 2364 150 2391 a
178 2352 324 2393 multia
350 2351 466 2393 AP:
504 2352 635 2394 ‘alias
663 2367 714 2394 ac
741 2351 908 2394 multis’
930 2354 1069 2394 Burer
1252 2367 1277 2405 5
1306 2354 1432 2395 uictis
1457 2354 1500 2393 A
1615 2356 1798 2395 Cilitiam

36 2446 37 2449 ,
122 2405 167 2445 A
305 2409 335 2447 6
361 2420 448 2459 quo
465 2406 531 2448 P:
559 2409 672 2459 quod
699 2408 742 2447 A
881 2409 908 2448 8
935 2423 962 2449 a
982 2409 1084 2450 mari
1108 2409 1295 2450 Gelenius
1394 2410 1438 2449 in
1459 2409 1677 2449 delendum
1694 2415 1800 2463 puto

34 2477 36 2483 ¹
122 2473 151 2512 9
176 2462 254 2502 sed
274 2474 370 2502 cum
400 2463 443 2502 in
469 2469 644 2504 auctore
672 2464 776 2504 satis
799 2464 908 2504 ratio
936 2470 1002 2505 ωε
1034 2471 1125 2505 tum
1154 2464 1264 2505 ratio
1286 2464 1404 2505 Cobet
1513 2468 1559 2504 tfi
1589 2465 1677 2516 del„
1707 2464 1797 2504 dein

121 2522 322 2569 suprascr:
364 2523 409 2558 tu
445 2517 522 2558 A:
569 2524 659 2559 tum
696 2517 741 2557 P
977 2532 1023 2560 11
1056 2519 1195 2570 arguit
1232 2518 1275 2558 A
1521 2532 1570 2558 12
1599 2519 1664 2572 et]
1704 2533 1798 2560 cum

34 2607 37 2611 ’
123 2584 278 2626 etAP
480 2599 532 2637 ¹3
558 2600 614 2627 ex
644 2587 772 2628 COS.
798 2585 865 2627 P:
904 2601 960 2628 ex
989 2582 1115 2630 C'OEs.
1145 2587 1220 2629 A:
1249 2601 1305 2629 ex
1334 2588 1557 2628 consulatu
1585 2587 1712 2629 Voss:
1742 2602 1799 2629 ex

124 2640 300 2681 consule
326 2639 528 2681 Heinsius
672 2654 719 2691 ¹⁴
749 2648 793 2682 et
820 2641 863 2680 A
885 2656 896 2683 z
943 2655 993 2684 ac
1020 2642 1065 2682 P
1169 2643 1466 2683 memorabiles
1494 2642 1582 2682 ΑΡ
1749 2655 1798 2695 15

125 2693 402 2735 Mithridaten
422 2694 492 2736 P:
522 2695 812 2737 Mithridatem
840 2696 883 2736 A
1060 2698 1274 2750 egregiaq.
1306 2696 1397 2749 del„
1427 2697 1518 2738 dein
1547 2698 1724 2749 egregia
1750 2698 1795 2737 A

129 2750 180 2790 16
204 2749 419 2801 Tigranen
445 2749 515 2791 P:
555 2751 819 2802 Tigrannem
846 2750 890 2790 A
1021 2765 1169 2804 regem
1202 2753 1326 2793 Kritz
1531 2765 1578 2804 17
1609 2766 1722 2804 pene
1751 2752 1795 2791 A

129 2804 180 2844 18
206 2817 314 2844 num
340 2805 529 2857 quique?
698 2819 749 2857 ¹9
776 2805 1012 2858 pellebatur
1037 2806 1080 2846 A
1101 2822 1112 2848 ι
1150 2807 1448 2859 expellebatur
1475 2805 1540 2847 P:
1582 2810 1664 2849 ‘sc.
1698 2807 1796 2848 belli

123 2858 519 2900 administratione'
546 2859 774 2914 Wopkens:
822 2861 1098 2912 pellicebatur
1131 2861 1379 2902 Warburton
1408 2862 1535 2901 nesa'o
1562 2875 1643 2915 quo
1669 2875 1799 2902 errore

117 2919 199 2966 pm
235 2914 540 2965 pelliciebatur‚
573 2915 686 2967 quod
719 2922 853 2968 nuper
883 2916 984 2957 coni.
1018 2916 1225 2969 Madmgr:
1277 2916 1548 2968 polluebatur
1583 2917 1795 2969 Bemays:

124 2968 351 3009 tenebatur
378 2968 545 3010 Scn'ner
718 2983 772 3011 20
802 2969 975 3011 Manibu
1004 2970 1097 3024 del„
1126 2970 1218 3012 dein
1249 2971 1450 3012 Manilius
1473 2971 1516 3010 A
1641 2984 1690 3012 ar
1724 2973 1799 3012 im-

125 3023 343 3075 potentiae
368 3022 616 3065 Warbunon

909 3171 957 3215 5¹
1527 3149 1586 3203 4*
