2014 3392
812 259 1030 308 LIBER
1065 260 1121 308 II

140 382 273 432 bello
330 382 603 446 subegerat,
651 397 957 446 prosequens
1014 398 1130 431 eum
1187 381 1435 447 simulque
1492 383 1809 434 interfuturus

137 466 433 513 athletarum
468 461 750 512 certaminis
787 461 993 523 ludicre,
1030 464 1169 526 quod
1210 462 1315 512 eius
1351 465 1529 514 honori
1565 475 1808 515 sacratum

137 562 170 595 a
210 547 258 594 N
261 544 552 609 eapolitanis
591 554 680 604 est,
720 543 959 607 processit
998 543 1050 592 in
1092 544 1433 608 Campaniam.
1507 563 1810 611 quamquam

32 686 34 689 ι
138 626 238 676 iam
273 636 439 676 motus
474 625 806 675 inbecillitatis
840 624 1204 689 inclinataeque
1241 626 1292 675 in
1321 627 1537 677 deten'us
1572 628 1812 693 principia

32 715 34 758 i
89 733 113 774 5
138 707 438 758 ualetudinis
474 717 707 767 senserat,
747 717 914 757 tamen
952 706 1211 757 obnitente
1246 707 1298 757 ui
1332 708 1484 758 animi
1521 721 1810 773 prosecutus

138 790 295 839 filium
319 789 667 853 digressusque
689 789 756 838 ab
779 805 841 839 eo
875 789 1152 839 Beneuenti
1183 789 1290 853 ipse
1326 792 1510 840 Nolam
1546 791 1714 855 petiit:
1763 802 1811 842 et

138 871 512 935 ingrauescente
548 869 600 919 in
641 869 748 920 dies
789 869 1090 931 ualetudine,
1129 887 1243 920 cum
1280 870 1439 932 sciret,
1477 871 1588 936 quis
1623 873 1812 922 uolenti

138 951 310 1003 omnia
330 962 445 1016 post
468 968 521 1001 se
553 953 691 1001 salua
724 968 978 1001 remanere
1008 954 1337 1002 accersendus
1361 955 1500 1014 foret,
1526 953 1814 1004 festinanter

138 1032 392 1083 reuooeuit
415 1032 572 1082 filium
591 1051 608 1094 3
641 1033 723 1082 ille
746 1034 812 1082 ad
835 1043 1025 1097 patrem
1057 1033 1242 1098 patriae
1277 1044 1536 1098 expectato
1571 1035 1813 1085 reuolauit
1850 1050 1853 1054 ·

64 1139 118 1169 ιο
138 1114 389 1165 maturius,
462 1124 568 1164 tum
615 1131 844 1165 securum
881 1131 935 1165 se
971 1118 1226 1179 Augustus
1272 1116 1562 1180 praedicans
1609 1116 1814 1166 circum·
1839 1142 1858 1169 2

138 1200 376 1262 fususque
398 1197 708 1262 amplexibus
732 1196 902 1247 Tiberi
926 1197 1016 1258 sui,
1043 1200 1403 1248 commendans
1435 1198 1504 1247 illi
1539 1216 1630 1248 sua
1662 1209 1813 1263 atque

137 1279 292 1344 ipsius
323 1295 475 1343 opera
509 1295 603 1328 nec
638 1278 913 1342 quidquam
949 1278 1048 1327 iam
1083 1280 1149 1328 de
1180 1280 1294 1340 fine,
1321 1279 1362 1328 si
1399 1281 1499 1329 fata
1534 1290 1810 1344 poscerent,

139 1378 386 1421 recusans,
412 1361 719 1411 subrefectus
743 1359 904 1424 primo
927 1370 1200 1424 conspectu
1231 1360 1552 1425 alloquioque
1576 1361 1813 1411 carissimi

138 1442 234 1492 sibi
258 1442 470 1506 spiritus,
497 1458 627 1502 mox,
654 1459 768 1491 cum
794 1458 998 1491 omnem
1023 1459 1192 1491 curam
1221 1443 1322 1491 fata
1344 1442 1614 1503 uincerent,
1642 1442 1694 1491 in
1727 1459 1815 1492 sua

23 1541 26 1543 ’
67 1543 115 1584 ¹5
138 1526 383 1575 resolutus
407 1523 545 1574 initia
561 1523 802 1588 Pompeio
817 1523 1132 1587 Apuleioque
1146 1523 1435 1574 consulibus
1451 1523 1814 1588 septuagesimo

17 1607 19 1611 ’
138 1617 188 1657 et
211 1617 351 1656 sexto
373 1623 508 1656 anno
530 1605 749 1655 animam
774 1607 1038 1655 caelestem
1063 1607 1161 1655 deo
1186 1605 1415 1655 reddidit.

207 1689 346 1753 Quid
392 1699 512 1738 tunc
553 1687 782 1738 homines
820 1687 1086 1748 timuerint,
1127 1704 1256 1751 quae
1296 1697 1495 1738 senatus
1533 1688 1811 1752 trepidatio,
1836 1707 1926 1756 124

138 1787 268 1836 quae
291 1770 463 1835 populi
488 1768 730 1829 confusio,
756 1768 868 1833 quis
891 1768 1026 1818 urbis
1052 1778 1227 1829 metus,
1254 1768 1305 1818 in
1338 1786 1489 1833 quam
1513 1779 1620 1820 arto
1644 1769 1814 1819 salutis

137 1852 354 1917 exitique
389 1850 626 1901 fuerimus
660 1849 896 1910 confinio,
936 1866 1101 1913 neque
1148 1849 1268 1899 mihi
1311 1860 1413 1899 tarn
1451 1850 1703 1900 festinanti
1738 1868 1815 1901 ex-

7 1954 13 1971 ·=
64 1954 118 1984 ιο
139 1933 348 1999 primere
401 1943 546 1982 uacat
601 1948 765 1996 neque
811 1930 893 1981 cui
938 1941 1083 1980 uacat
1129 1941 1305 1995 potest.
1379 1931 1431 1982 id
1478 1933 1640 1982 solum
1687 1949 1814 1982 uoce

138 2014 339 2080 publioe
361 2013 542 2065 dixisse
563 2014 685 2064 satis
708 2013 901 2063 habeo:
937 2011 1078 2062 cuius
1101 2012 1235 2062 orbis
1259 2012 1451 2062 ruinam
1476 2013 1812 2074 timueramuS‚

137 2114 254 2147 eum
287 2113 351 2147 ne
386 2106 695 2146 commotum
731 2094 935 2159 quidem
972 2093 1230 2155 sensimuS,
1269 2104 1505 2159 tantaque
1540 2094 1687 2144 unius
1722 2095 1814 2144 uiri

139 2178 370 2228 maiestas
394 2176 498 2238 fuit,
524 2187 579 2226 ut
604 2193 698 2226 nec
724 2194 748 2221 ιι
776 2174 923 2226 bonis
947 2192 1111 2239 neque
1135 2186 1308 2226 contra
1332 2178 1489 2226 malos
1514 2193 1640 2241 opus
1664 2176 1812 2226 armis

4 2318 7 2332 ἱ
137 2261 276 2310 foret.
348 2275 449 2309 una
494 2268 662 2308 tamen
709 2256 863 2307 ueluti
901 2256 1104 2307 luctatio
1145 2256 1358 2307 ciuitatis
1399 2257 1504 2318 fuit,
1547 2257 1812 2322 pugnantis
1838 2279 1857 2307 2

20 2344 22 2348 '
64 2363 115 2405 25
137 2358 253 2393 cum
278 2342 491 2393 Caesare
515 2350 715 2390 senatus
739 2338 1011 2404 populique
1038 2338 1269 2399 Romani,
1290 2348 1345 2388 ut
1363 2338 1562 2389 stationi
1580 2349 1814 2403 paternae

198 2484 216 2512 1
249 2484 436 2523 eumque
464 2470 588 2511 simul
619 2470 662 2509 A
857 2482 883 2508 2
912 2468 1134 2510 certamini
1167 2468 1365 2509 Cellan‘us
1555 2482 1580 2519 4
1611 2469 1708 2510 imb.
1731 2469 1821 2509 ΑΡ

138 2528 167 2568 8
195 2533 295 2579 post
320 2539 369 2566 se
393 2524 459 2566 Ρ·
488 2538 617 2577 posse
637 2524 680 2563 A
819 2524 1187 2584 accersendQ
1324 2537 1368 2563 11
1401 2524 1545 2563 Tiberi
1566 2523 1631 2563 P:
1658 2523 1814 2564 Tiberii

138 2596 183 2636 A
394 2606 443 2645 ¹5
471 2594 726 2646 Appuleioq.
749 2592 948 2645 Kreyssig
1054 2594 1182 2634 COS.
1204 2593 1276 2632 A:
1317 2592 1445 2634 COS.
1465 2592 1573 2632 PB:
1620 2593 1721 2643 ‘pro
1742 2589 1818 2634 cos

139 2650 350 2691 scribatur
361 2648 536 2690 COSS.’
557 2647 696 2687 Bam
818 2649 868 2687 16
895 2655 940 2688 et
958 2662 1041 2689 om.
1059 2648 1324 2698 P,}1a1›etA:
1359 2648 1683 2687 ‘Amethacbzus
1700 2654 1816 2700 copu-

141 2706 242 2754 Iam,
264 2718 292 2744 a
312 2704 516 2744 Rhenano
534 2703 750 2744 omissam.
771 2715 855 2742 non
875 2702 923 2742 de
938 2716 1016 2742 suo
1034 2703 1246 2753 addidisse,
1269 2702 1374 2742 sed
1355 2716 1399 2742 m
1418 2702 1542 2742 codice
1558 2702 1822 2742 Murbacenst

141 2761 344 2800 inuenisse
361 2758 533 2798 uidetur.
579 2757 803 2797 Suetonius
821 2770 980 2809 quoque
1000 2758 1145 2798 Octau.
1167 2763 1253 2810 cap.
1280 2770 1358 2798 100
1376 2756 1425 2796 de
1442 2757 1667 2809 Augusto
1696 2757 1811 2806 obiit,

141 2815 287 2867 inquit,
310 2813 628 2865 septuagesimo
647 2818 691 2852 et
716 2818 841 2852 sexto
861 2812 1013 2853 aetatis
1038 2825 1153 2852 anno
1167 2811 1394 2875 ’Κνῃεεις
1637 2812 1756 2852 caelo
1777 2786 1820 2851 Ρ

146 2870 196 2910 18
225 2869 339 2909 urbis
357 2869 399 2907 A
429 2873 467 2907 et
493 2866 731 2907 Acidaln'us·
771 2866 888 2907 orbis
906 2866 949 2906 Ρ
1112 2879 1163 2918 19
1192 2866 1223 2923 ᾔ
1241 2867 1446 2918 exitiique
1466 2865 1508 2905 A
1532 2867 1622 2916 (sici
1643 2870 1819 2919 coeperat

140 2923 301 2963 ambert
337 2923 542 2963 fuerimus
707 2934 755 2961 21
793 2922 901 2962 satis
937 2920 1032 2963 add.
1071 2921 1278 2961 Ruhnken
1388 2920 1504 2961 orbis
1541 2920 1650 2963 AP:
1699 2921 1817 2962 urbis

142 2977 301 3018 Bunro
318 2978 536 3030 legendum
566 2975 780 3016 uidebatur
908 3016 914 3019 ,
949 2988 1003 3027 23
1032 2989 1112 3017 nec
1132 2976 1194 3018 P:
1236 2989 1290 3016 ne
1311 2975 1382 3016 A:
1422 2987 1500 3027 pro
1528 2976 1815 3028 suppleum'm‚

141 3047 227 3073 non
254 3033 365 3072 em’m
393 3032 602 3072 adsentn‘or
618 3030 778 3071 Kn'tnio
790 3037 910 3083 pom
925 3031 1052 3072 bonis
1072 3031 1117 3071 id
1135 3037 1266 3083 perse
1289 3030 1540 3083 significare·
1530 3059 1541 3071 .
1566 3030 1688 3072 bonis
1714 3044 1815 3072 con-

140 3087 239 3128 silio
258 3086 423 3127 Sm'ner
581 3098 634 3136 24
665 3085 805 3127 forent
823 3085 866 3126 A
1032 3098 1086 3138 25
1119 3086 1171 3127 R.
1192 3084 1281 3125 ΑΡ

936 3182 1012 3224 ¹35
