<?xml version="1.0" encoding="UTF-8"?>
<!DOCTYPE html PUBLIC "-//W3C//DTD XHTML 1.0 Transitional//EN"
    "http://www.w3.org/TR/xhtml1/DTD/xhtml1-transitional.dtd">
<html xmlns="http://www.w3.org/1999/xhtml" xml:lang="en" lang="en">
 <head>
  <title>
</title>
<meta http-equiv="Content-Type" content="text/html;charset=utf-8" />
  <meta name='ocr-system' content='tesseract 3.04.00' />
  <meta name='ocr-capabilities' content='ocr_page ocr_carea ocr_par ocr_line ocrx_word'/>
</head>
<body>
  <div class='ocr_page' id='page_1' title='image "admviniciumlibri00velluoft_0112.png"; bbox 0 0 2014 3392; ppageno 0'>
   <div class='ocr_carea' id='block_1_1' title="bbox 181 333 205 372">
    <p class='ocr_par' dir='ltr' id='par_1_1' title="bbox 181 333 205 372">
     <span class='ocr_line' id='line_1_1' title="bbox 181 333 205 372; baseline 0 0"><span class='ocrx_word' id='word_1_1' title='bbox 181 333 205 372; x_wconf 89' lang='lat'><strong>6</strong></span> 
     </span>
    </p>
   </div>
   <div class='ocr_carea' id='block_1_2' title="bbox 139 661 207 719">
    <p class='ocr_par' dir='ltr' id='par_1_2' title="bbox 139 661 207 719">
     <span class='ocr_line' id='line_1_2' title="bbox 139 661 207 719; baseline 0 0"><span class='ocrx_word' id='word_1_2' title='bbox 139 661 207 719; x_wconf 90' lang='grc'>63</span> 
     </span>
    </p>
   </div>
   <div class='ocr_carea' id='block_1_3' title="bbox 174 1582 197 1620">
    <p class='ocr_par' dir='ltr' id='par_1_3' title="bbox 174 1582 197 1620">
     <span class='ocr_line' id='line_1_3' title="bbox 174 1582 197 1620; baseline 0 0"><span class='ocrx_word' id='word_1_3' title='bbox 174 1582 197 1620; x_wconf 85' lang='grc'>3</span> 
     </span>
    </p>
   </div>
   <div class='ocr_carea' id='block_1_4' title="bbox 130 2140 201 2199">
    <p class='ocr_par' dir='ltr' id='par_1_4' title="bbox 130 2140 201 2199">
     <span class='ocr_line' id='line_1_4' title="bbox 130 2140 201 2199; baseline 0 0"><span class='ocrx_word' id='word_1_4' title='bbox 130 2140 201 2199; x_wconf 88' lang='lat'>64</span> 
     </span>
    </p>
   </div>
   <div class='ocr_carea' id='block_1_5' title="bbox 168 2485 188 2512">
    <p class='ocr_par' dir='ltr' id='par_1_5' title="bbox 168 2485 188 2512">
     <span class='ocr_line' id='line_1_5' title="bbox 168 2485 188 2512; baseline 0 0"><span class='ocrx_word' id='word_1_5' title='bbox 168 2485 188 2512; x_wconf 83' lang='lat'>2</span> 
     </span>
    </p>
   </div>
   <div class='ocr_carea' id='block_1_6' title="bbox 716 189 1416 239">
    <p class='ocr_par' dir='ltr' id='par_1_6' title="bbox 716 189 1416 239">
     <span class='ocr_line' id='line_1_6' title="bbox 716 189 1416 239; baseline 0.001 -3"><span class='ocrx_word' id='word_1_6' title='bbox 716 190 974 238; x_wconf 91' lang='lat' dir='ltr'>VELLEI</span> <span class='ocrx_word' id='word_1_7' title='bbox 1014 189 1416 239; x_wconf 91' lang='lat' dir='ltr'>PATERCVLI</span> 
     </span>
    </p>
   </div>
   <div class='ocr_carea' id='block_1_7' title="bbox 218 327 1895 2522">
    <p class='ocr_par' dir='ltr' id='par_1_7' title="bbox 227 327 1895 635">
     <span class='ocr_line' id='line_1_7' title="bbox 227 327 1895 392; baseline 0.001 -16"><span class='ocrx_word' id='word_1_8' title='bbox 227 327 520 392; x_wconf 82' lang='lat' dir='ltr'>imperatore</span> <span class='ocrx_word' id='word_1_9' title='bbox 562 345 652 378; x_wconf 91' lang='lat' dir='ltr'>suo</span> <span class='ocrx_word' id='word_1_10' title='bbox 688 330 788 377; x_wconf 89' lang='lat' dir='ltr'>ulla</span> <span class='ocrx_word' id='word_1_11' title='bbox 825 345 878 377; x_wconf 90' lang='lat' dir='ltr'>se</span> <span class='ocrx_word' id='word_1_12' title='bbox 914 327 1168 377; x_wconf 85' lang='lat' dir='ltr'>audituros</span> <span class='ocrx_word' id='word_1_13' title='bbox 1210 329 1455 376; x_wconf 91' lang='lat' dir='ltr'>mandata.</span> <span class='ocrx_word' id='word_1_14' title='bbox 1529 329 1626 377; x_wconf 90' lang='lat' dir='ltr'>hoc</span> <span class='ocrx_word' id='word_1_15' title='bbox 1664 337 1737 377; x_wconf 91' lang='lat' dir='ltr'>est</span> <span class='ocrx_word' id='word_1_16' title='bbox 1772 327 1895 378; x_wconf 94' lang='lat' dir='ltr'>illud</span> 
     </span>
     <span class='ocr_line' id='line_1_8' title="bbox 228 408 1894 474; baseline -0.002 -14"><span class='ocrx_word' id='word_1_17' title='bbox 228 421 437 474; x_wconf 90' lang='lat' dir='ltr'>tempus,</span> <span class='ocrx_word' id='word_1_18' title='bbox 478 427 579 473; x_wconf 89' lang='lat' dir='ltr'>quo</span> <span class='ocrx_word' id='word_1_19' title='bbox 618 409 795 460; x_wconf 90' lang='lat' dir='ltr'>Cicero</span> <span class='ocrx_word' id='word_1_20' title='bbox 833 409 981 458; x_wconf 89' lang='lat' dir='ltr'>insito</span> <span class='ocrx_word' id='word_1_21' title='bbox 1021 425 1190 457; x_wconf 91' lang='lat' dir='ltr'>amore</span> <span class='ocrx_word' id='word_1_22' title='bbox 1228 408 1641 472; x_wconf 91' lang='lat' dir='ltr'>Pompeianarum</span> <span class='ocrx_word' id='word_1_23' title='bbox 1683 409 1894 472; x_wconf 92' lang='lat' dir='ltr'>partium</span> 
     </span>
     <span class='ocr_line' id='line_1_9' title="bbox 228 490 1894 550; baseline 0 -10"><span class='ocrx_word' id='word_1_24' title='bbox 228 492 491 541; x_wconf 84' lang='lat' dir='ltr'>Caesarem</span> <span class='ocrx_word' id='word_1_25' title='bbox 538 492 845 540; x_wconf 91' lang='lat' dir='ltr'>laudandum</span> <span class='ocrx_word' id='word_1_26' title='bbox 892 500 941 539; x_wconf 93' lang='lat' dir='ltr'>et</span> <span class='ocrx_word' id='word_1_27' title='bbox 986 491 1263 539; x_wconf 87' lang='lat' dir='ltr'>tollendum</span> <span class='ocrx_word' id='word_1_28' title='bbox 1309 491 1557 550; x_wconf 88' lang='lat' dir='ltr'>censebat,</span> <span class='ocrx_word' id='word_1_29' title='bbox 1598 507 1713 538; x_wconf 90' lang='lat' dir='ltr'>cum</span> <span class='ocrx_word' id='word_1_30' title='bbox 1759 490 1894 540; x_wconf 93' lang='lat' dir='ltr'>aliud</span> 
     </span>
     <span class='ocr_line' id='line_1_10' title="bbox 229 567 1015 635; baseline -0.003 -13"><span class='ocrx_word' id='word_1_31' title='bbox 229 567 426 633; x_wconf 79' lang='lat' dir='ltr'>diceret,</span> <span class='ocrx_word' id='word_1_32' title='bbox 453 572 589 622; x_wconf 91' lang='lat' dir='ltr'>aliud</span> <span class='ocrx_word' id='word_1_33' title='bbox 613 571 830 635; x_wconf 87' lang='lat' dir='ltr'>intellegi</span> <span class='ocrx_word' id='word_1_34' title='bbox 854 573 1015 620; x_wconf 90' lang='lat' dir='ltr'>uellet.</span> 
     </span>
    </p>

    <p class='ocr_par' dir='ltr' id='par_1_8' title="bbox 221 651 1895 2095">
     <span class='ocr_line' id='line_1_11' title="bbox 297 651 1895 715; baseline -0.001 -13"><span class='ocrx_word' id='word_1_35' title='bbox 297 653 502 703; x_wconf 89' lang='lat' dir='ltr'>Interim</span> <span class='ocrx_word' id='word_1_36' title='bbox 557 652 806 702; x_wconf 91' lang='lat' dir='ltr'>Antonius</span> <span class='ocrx_word' id='word_1_37' title='bbox 860 654 975 715; x_wconf 88' lang='lat' dir='ltr'>fuga</span> <span class='ocrx_word' id='word_1_38' title='bbox 1027 661 1352 715; x_wconf 89' lang='lat' dir='ltr'>transgressus</span> <span class='ocrx_word' id='word_1_39' title='bbox 1400 651 1577 715; x_wconf 56' lang='lat' dir='ltr'>Alpis„</span> <span class='ocrx_word' id='word_1_40' title='bbox 1604 651 1763 715; x_wconf 91' lang='lat' dir='ltr'>primo</span> <span class='ocrx_word' id='word_1_41' title='bbox 1810 669 1895 715; x_wconf 92' lang='lat' dir='ltr'>per</span> 
     </span>
     <span class='ocr_line' id='line_1_12' title="bbox 227 732 1894 799; baseline -0.002 -15"><span class='ocrx_word' id='word_1_42' title='bbox 227 735 476 799; x_wconf 90' lang='lat' dir='ltr'>colloquia</span> <span class='ocrx_word' id='word_1_43' title='bbox 522 736 744 798; x_wconf 87' lang='lat' dir='ltr'>repulsus</span> <span class='ocrx_word' id='word_1_44' title='bbox 799 750 829 782; x_wconf 91' lang='lat' dir='ltr'>a</span> <span class='ocrx_word' id='word_1_45' title='bbox 887 736 958 782; x_wconf 91' lang='lat' dir='ltr'>M.</span> <span class='ocrx_word' id='word_1_46' title='bbox 1010 732 1216 796; x_wconf 88' lang='lat' dir='ltr'>Lepido,</span> <span class='ocrx_word' id='word_1_47' title='bbox 1261 732 1346 796; x_wconf 91' lang='lat' dir='ltr'>qui</span> <span class='ocrx_word' id='word_1_48' title='bbox 1392 732 1613 796; x_wconf 87' lang='lat' dir='ltr'>pontifex</span> <span class='ocrx_word' id='word_1_49' title='bbox 1653 732 1894 781; x_wconf 89' lang='lat' dir='ltr'>maximus</span> 
     </span>
     <span class='ocr_line' id='line_1_13' title="bbox 225 812 1895 877; baseline -0.002 -11"><span class='ocrx_word' id='word_1_50' title='bbox 225 818 276 866; x_wconf 92' lang='lat' dir='ltr'>in</span> <span class='ocrx_word' id='word_1_51' title='bbox 319 819 375 868; x_wconf 87' lang='lat' dir='ltr'>C.</span> <span class='ocrx_word' id='word_1_52' title='bbox 419 815 642 867; x_wconf 85' lang='lat' dir='ltr'>Caesaris</span> <span class='ocrx_word' id='word_1_53' title='bbox 677 818 844 864; x_wconf 92' lang='lat' dir='ltr'>locum</span> <span class='ocrx_word' id='word_1_54' title='bbox 879 817 1009 864; x_wconf 91' lang='lat' dir='ltr'>furto</span> <span class='ocrx_word' id='word_1_55' title='bbox 1046 824 1237 864; x_wconf 91' lang='lat' dir='ltr'>creatus</span> <span class='ocrx_word' id='word_1_56' title='bbox 1279 816 1476 863; x_wconf 92' lang='lat' dir='ltr'>decreta</span> <span class='ocrx_word' id='word_1_57' title='bbox 1516 814 1610 863; x_wconf 90' lang='lat' dir='ltr'>sibi</span> <span class='ocrx_word' id='word_1_58' title='bbox 1642 812 1895 877; x_wconf 74' lang='lat' dir='ltr'>vHispania</span> 
     </span>
     <span class='ocr_line' id='line_1_14' title="bbox 225 895 1893 958; baseline -0.003 -10"><span class='ocrx_word' id='word_1_59' title='bbox 225 901 390 949; x_wconf 90' lang='lat' dir='ltr'>adhuc</span> <span class='ocrx_word' id='word_1_60' title='bbox 436 898 488 946; x_wconf 90' lang='lat' dir='ltr'>in</span> <span class='ocrx_word' id='word_1_61' title='bbox 530 896 691 946; x_wconf 90' lang='lat' dir='ltr'>Gallia</span> <span class='ocrx_word' id='word_1_62' title='bbox 731 896 1027 956; x_wconf 86' lang='lat' dir='ltr'>morabatur,</span> <span class='ocrx_word' id='word_1_63' title='bbox 1067 913 1184 945; x_wconf 90' lang='lat' dir='ltr'>mox</span> <span class='ocrx_word' id='word_1_64' title='bbox 1230 895 1424 958; x_wconf 91' lang='lat' dir='ltr'>saepius</span> <span class='ocrx_word' id='word_1_65' title='bbox 1470 895 1522 943; x_wconf 92' lang='lat' dir='ltr'>in</span> <span class='ocrx_word' id='word_1_66' title='bbox 1570 904 1893 958; x_wconf 91' lang='lat' dir='ltr'>conspectum</span> 
     </span>
     <span class='ocr_line' id='line_1_15' title="bbox 225 976 1895 1043; baseline -0.003 -14"><span class='ocrx_word' id='word_1_67' title='bbox 225 980 432 1029; x_wconf 92' lang='lat' dir='ltr'>ueniens</span> <span class='ocrx_word' id='word_1_68' title='bbox 456 978 668 1027; x_wconf 89' lang='lat' dir='ltr'>militum</span> <span class='ocrx_word' id='word_1_69' title='bbox 695 977 831 1043; x_wconf 91' lang='lat' dir='ltr'>(cum</span> <span class='ocrx_word' id='word_1_70' title='bbox 856 986 905 1026; x_wconf 93' lang='lat' dir='ltr'>et</span> <span class='ocrx_word' id='word_1_71' title='bbox 938 976 1130 1040; x_wconf 92' lang='lat' dir='ltr'>Lepido</span> <span class='ocrx_word' id='word_1_72' title='bbox 1166 993 1341 1025; x_wconf 92' lang='lat' dir='ltr'>omnes</span> <span class='ocrx_word' id='word_1_73' title='bbox 1378 976 1695 1039; x_wconf 90' lang='lat' dir='ltr'>imperatores</span> <span class='ocrx_word' id='word_1_74' title='bbox 1733 978 1895 1025; x_wconf 92' lang='lat' dir='ltr'>forent</span> 
     </span>
     <span class='ocr_line' id='line_1_16' title="bbox 225 1057 1894 1123; baseline -0.003 -12"><span class='ocrx_word' id='word_1_75' title='bbox 225 1062 452 1111; x_wconf 90' lang='lat' dir='ltr'>meliores</span> <span class='ocrx_word' id='word_1_76' title='bbox 482 1070 531 1110; x_wconf 90' lang='lat' dir='ltr'>et</span> <span class='ocrx_word' id='word_1_77' title='bbox 562 1059 728 1108; x_wconf 90' lang='lat' dir='ltr'>multis</span> <span class='ocrx_word' id='word_1_78' title='bbox 761 1058 1025 1119; x_wconf 90' lang='lat' dir='ltr'>Antonius,</span> <span class='ocrx_word' id='word_1_79' title='bbox 1052 1061 1173 1108; x_wconf 92' lang='lat' dir='ltr'>dum</span> <span class='ocrx_word' id='word_1_80' title='bbox 1206 1068 1308 1107; x_wconf 91' lang='lat' dir='ltr'>erat</span> <span class='ocrx_word' id='word_1_81' title='bbox 1346 1057 1574 1123; x_wconf 91' lang='lat' dir='ltr'>sobrius),</span> <span class='ocrx_word' id='word_1_82' title='bbox 1601 1075 1687 1122; x_wconf 91' lang='lat' dir='ltr'>per</span> <span class='ocrx_word' id='word_1_83' title='bbox 1721 1075 1894 1107; x_wconf 90' lang='lat' dir='ltr'>auersa</span> 
     </span>
     <span class='ocr_line' id='line_1_17' title="bbox 225 1139 1892 1204; baseline -0.002 -12"><span class='ocrx_word' id='word_1_84' title='bbox 225 1152 494 1192; x_wconf 88' lang='lat' dir='ltr'>castrorum</span> <span class='ocrx_word' id='word_1_85' title='bbox 521 1150 723 1204; x_wconf 92' lang='lat' dir='ltr'>proruto</span> <span class='ocrx_word' id='word_1_86' title='bbox 752 1143 884 1190; x_wconf 92' lang='lat' dir='ltr'>uallo</span> <span class='ocrx_word' id='word_1_87' title='bbox 908 1158 939 1188; x_wconf 86' lang='lat' dir='ltr'><em>a</em></span> <span class='ocrx_word' id='word_1_88' title='bbox 978 1140 1216 1189; x_wconf 91' lang='lat' dir='ltr'>militibus</span> <span class='ocrx_word' id='word_1_89' title='bbox 1248 1149 1474 1204; x_wconf 89' lang='lat' dir='ltr'>receptus</span> <span class='ocrx_word' id='word_1_90' title='bbox 1499 1149 1602 1189; x_wconf 91' lang='lat' dir='ltr'>est:</span> <span class='ocrx_word' id='word_1_91' title='bbox 1639 1139 1725 1203; x_wconf 93' lang='lat' dir='ltr'>qui</span> <span class='ocrx_word' id='word_1_92' title='bbox 1748 1139 1892 1189; x_wconf 91' lang='lat' dir='ltr'>titulo</span> 
     </span>
     <span class='ocr_line' id='line_1_18' title="bbox 223 1221 1892 1288; baseline -0.002 -15"><span class='ocrx_word' id='word_1_93' title='bbox 223 1223 398 1288; x_wconf 90' lang='lat' dir='ltr'>imperi</span> <span class='ocrx_word' id='word_1_94' title='bbox 445 1223 655 1272; x_wconf 89' lang='lat' dir='ltr'>cedebat</span> <span class='ocrx_word' id='word_1_95' title='bbox 697 1221 904 1285; x_wconf 88' lang='lat' dir='ltr'>Lepido,</span> <span class='ocrx_word' id='word_1_96' title='bbox 948 1238 1063 1270; x_wconf 92' lang='lat' dir='ltr'>cum</span> <span class='ocrx_word' id='word_1_97' title='bbox 1111 1238 1306 1271; x_wconf 91' lang='lat' dir='ltr'>summa</span> <span class='ocrx_word' id='word_1_98' title='bbox 1351 1221 1529 1269; x_wconf 91' lang='lat' dir='ltr'>uirium</span> <span class='ocrx_word' id='word_1_99' title='bbox 1576 1238 1729 1284; x_wconf 92' lang='lat' dir='ltr'>penes</span> <span class='ocrx_word' id='word_1_100' title='bbox 1776 1238 1892 1269; x_wconf 93' lang='lat' dir='ltr'>eum</span> 
     </span>
     <span class='ocr_line' id='line_1_19' title="bbox 223 1301 1888 1366; baseline -0.002 -12"><span class='ocrx_word' id='word_1_101' title='bbox 223 1308 359 1354; x_wconf 90' lang='lat' dir='ltr'>foret.</span> <span class='ocrx_word' id='word_1_102' title='bbox 423 1305 515 1353; x_wconf 90' lang='lat' dir='ltr'>sub</span> <span class='ocrx_word' id='word_1_103' title='bbox 541 1302 731 1352; x_wconf 91' lang='lat' dir='ltr'>Antoni</span> <span class='ocrx_word' id='word_1_104' title='bbox 754 1302 1028 1366; x_wconf 89' lang='lat' dir='ltr'>ingressum</span> <span class='ocrx_word' id='word_1_105' title='bbox 1052 1302 1104 1351; x_wconf 91' lang='lat' dir='ltr'>in</span> <span class='ocrx_word' id='word_1_106' title='bbox 1129 1311 1286 1351; x_wconf 91' lang='lat' dir='ltr'>castra</span> <span class='ocrx_word' id='word_1_107' title='bbox 1311 1301 1570 1353; x_wconf 90' lang='lat' dir='ltr'>quentius</span> <span class='ocrx_word' id='word_1_108' title='bbox 1597 1301 1888 1362; x_wconf 89' lang='lat' dir='ltr'>Laterensis,</span> 
     </span>
     <span class='ocr_line' id='line_1_20' title="bbox 223 1383 1891 1445; baseline -0.002 -9"><span class='ocrx_word' id='word_1_109' title='bbox 223 1387 297 1436; x_wconf 91' lang='lat' dir='ltr'>uir</span> <span class='ocrx_word' id='word_1_110' title='bbox 351 1387 454 1436; x_wconf 90' lang='lat' dir='ltr'>uita</span> <span class='ocrx_word' id='word_1_111' title='bbox 499 1403 558 1434; x_wconf 92' lang='lat' dir='ltr'>ac</span> <span class='ocrx_word' id='word_1_112' title='bbox 604 1394 763 1434; x_wconf 91' lang='lat' dir='ltr'>morte</span> <span class='ocrx_word' id='word_1_113' title='bbox 804 1395 1181 1445; x_wconf 88' lang='lat' dir='ltr'>consentaneus,</span> <span class='ocrx_word' id='word_1_114' title='bbox 1222 1401 1337 1433; x_wconf 91' lang='lat' dir='ltr'>cum</span> <span class='ocrx_word' id='word_1_115' title='bbox 1383 1384 1618 1434; x_wconf 87' lang='lat' dir='ltr'>acerrime</span> <span class='ocrx_word' id='word_1_116' title='bbox 1660 1383 1891 1433; x_wconf 88' lang='lat' dir='ltr'>suasisset</span> 
     </span>
     <span class='ocr_line' id='line_1_21' title="bbox 224 1465 1890 1534; baseline -0.003 -15"><span class='ocrx_word' id='word_1_117' title='bbox 224 1469 431 1534; x_wconf 92' lang='lat' dir='ltr'>Lepido,</span> <span class='ocrx_word' id='word_1_118' title='bbox 458 1485 522 1517; x_wconf 92' lang='lat' dir='ltr'>ne</span> <span class='ocrx_word' id='word_1_119' title='bbox 547 1484 600 1516; x_wconf 91' lang='lat' dir='ltr'>se</span> <span class='ocrx_word' id='word_1_120' title='bbox 624 1484 739 1516; x_wconf 91' lang='lat' dir='ltr'>cum</span> <span class='ocrx_word' id='word_1_121' title='bbox 772 1466 995 1516; x_wconf 92' lang='lat' dir='ltr'>Antonio</span> <span class='ocrx_word' id='word_1_122' title='bbox 1033 1468 1176 1515; x_wconf 90' lang='lat' dir='ltr'>hoste</span> <span class='ocrx_word' id='word_1_123' title='bbox 1214 1466 1432 1515; x_wconf 90' lang='lat' dir='ltr'>iudicato</span> <span class='ocrx_word' id='word_1_124' title='bbox 1456 1466 1691 1529; x_wconf 92' lang='lat' dir='ltr'>iungeret,</span> <span class='ocrx_word' id='word_1_125' title='bbox 1718 1465 1890 1515; x_wconf 91' lang='lat' dir='ltr'>inritus</span> 
     </span>
     <span class='ocr_line' id='line_1_22' title="bbox 222 1548 1890 1615; baseline -0.003 -14"><span class='ocrx_word' id='word_1_126' title='bbox 222 1552 398 1602; x_wconf 89' lang='lat' dir='ltr'>consili</span> <span class='ocrx_word' id='word_1_127' title='bbox 421 1550 587 1615; x_wconf 92' lang='lat' dir='ltr'>gladio</span> <span class='ocrx_word' id='word_1_128' title='bbox 626 1567 678 1599; x_wconf 90' lang='lat' dir='ltr'>se</span> <span class='ocrx_word' id='word_1_129' title='bbox 716 1549 821 1613; x_wconf 89' lang='lat' dir='ltr'>ipse</span> <span class='ocrx_word' id='word_1_130' title='bbox 854 1549 1102 1598; x_wconf 89' lang='lat' dir='ltr'>transfixit.</span> <span class='ocrx_word' id='word_1_131' title='bbox 1178 1551 1390 1598; x_wconf 87' lang='lat' dir='ltr'>Plancus</span> <span class='ocrx_word' id='word_1_132' title='bbox 1427 1548 1609 1598; x_wconf 92' lang='lat' dir='ltr'>deinde</span> <span class='ocrx_word' id='word_1_133' title='bbox 1645 1548 1811 1608; x_wconf 92' lang='lat' dir='ltr'>dubia,</span> <span class='ocrx_word' id='word_1_134' title='bbox 1838 1548 1890 1597; x_wconf 93' lang='lat' dir='ltr'>id</span> 
     </span>
     <span class='ocr_line' id='line_1_23' title="bbox 222 1632 1891 1697; baseline -0.002 -13"><span class='ocrx_word' id='word_1_135' title='bbox 222 1644 295 1684; x_wconf 90' lang='lat' dir='ltr'>est</span> <span class='ocrx_word' id='word_1_136' title='bbox 324 1652 414 1684; x_wconf 91' lang='lat' dir='ltr'>sua</span> <span class='ocrx_word' id='word_1_137' title='bbox 444 1636 558 1694; x_wconf 93' lang='lat' dir='ltr'>fide,</span> <span class='ocrx_word' id='word_1_138' title='bbox 585 1633 671 1683; x_wconf 92' lang='lat' dir='ltr'>diu</span> <span class='ocrx_word' id='word_1_139' title='bbox 707 1650 915 1697; x_wconf 90' lang='lat' dir='ltr'>quarum</span> <span class='ocrx_word' id='word_1_140' title='bbox 955 1642 1083 1682; x_wconf 90' lang='lat' dir='ltr'>esset</span> <span class='ocrx_word' id='word_1_141' title='bbox 1123 1632 1335 1696; x_wconf 90' lang='lat' dir='ltr'>partium</span> <span class='ocrx_word' id='word_1_142' title='bbox 1378 1649 1547 1681; x_wconf 90' lang='lat' dir='ltr'>secum</span> <span class='ocrx_word' id='word_1_143' title='bbox 1585 1634 1796 1680; x_wconf 90' lang='lat' dir='ltr'>luctatus</span> <span class='ocrx_word' id='word_1_144' title='bbox 1832 1647 1891 1680; x_wconf 92' lang='lat' dir='ltr'>ac</span> 
     </span>
     <span class='ocr_line' id='line_1_24' title="bbox 222 1712 1893 1776; baseline -0.003 -10"><span class='ocrx_word' id='word_1_145' title='bbox 222 1717 316 1767; x_wconf 89' lang='lat' dir='ltr'>sibi</span> <span class='ocrx_word' id='word_1_146' title='bbox 354 1716 551 1766; x_wconf 90' lang='lat' dir='ltr'>difficile</span> <span class='ocrx_word' id='word_1_147' title='bbox 583 1714 913 1774; x_wconf 90' lang='lat' dir='ltr'>consentiens,</span> <span class='ocrx_word' id='word_1_148' title='bbox 941 1723 990 1763; x_wconf 92' lang='lat' dir='ltr'>et</span> <span class='ocrx_word' id='word_1_149' title='bbox 1018 1731 1152 1762; x_wconf 92' lang='lat' dir='ltr'>nunc</span> <span class='ocrx_word' id='word_1_150' title='bbox 1176 1713 1371 1763; x_wconf 91' lang='lat' dir='ltr'>adiutor</span> <span class='ocrx_word' id='word_1_151' title='bbox 1397 1716 1458 1762; x_wconf 88' lang='lat' dir='ltr'>D.</span> <span class='ocrx_word' id='word_1_152' title='bbox 1489 1713 1627 1762; x_wconf 90' lang='lat' dir='ltr'>Bruti</span> <span class='ocrx_word' id='word_1_153' title='bbox 1651 1712 1893 1776; x_wconf 88' lang='lat' dir='ltr'>designati</span> 
     </span>
     <span class='ocr_line' id='line_1_25' title="bbox 222 1796 1891 1863; baseline -0.003 -14"><span class='ocrx_word' id='word_1_154' title='bbox 222 1800 453 1861; x_wconf 90' lang='lat' dir='ltr'>consulis,</span> <span class='ocrx_word' id='word_1_155' title='bbox 481 1802 699 1863; x_wconf 87' lang='lat' dir='ltr'>collegae</span> <span class='ocrx_word' id='word_1_156' title='bbox 724 1798 813 1859; x_wconf 90' lang='lat' dir='ltr'>sui,</span> <span class='ocrx_word' id='word_1_157' title='bbox 841 1798 1133 1861; x_wconf 89' lang='lat' dir='ltr'>senatuique</span> <span class='ocrx_word' id='word_1_158' title='bbox 1172 1815 1224 1846; x_wconf 91' lang='lat' dir='ltr'>se</span> <span class='ocrx_word' id='word_1_159' title='bbox 1262 1797 1431 1846; x_wconf 91' lang='lat' dir='ltr'>litteris</span> <span class='ocrx_word' id='word_1_160' title='bbox 1470 1796 1747 1856; x_wconf 88' lang='lat' dir='ltr'>uenditans‚</span> <span class='ocrx_word' id='word_1_161' title='bbox 1776 1813 1891 1844; x_wconf 87' lang='lat' dir='ltr'>mox</span> 
     </span>
     <span class='ocr_line' id='line_1_26' title="bbox 221 1877 1892 1946; baseline -0.004 -15"><span class='ocrx_word' id='word_1_162' title='bbox 221 1882 445 1931; x_wconf 88' lang='lat' dir='ltr'>eiusdem</span> <span class='ocrx_word' id='word_1_163' title='bbox 469 1881 704 1946; x_wconf 92' lang='lat' dir='ltr'>proditor,</span> <span class='ocrx_word' id='word_1_164' title='bbox 731 1879 932 1928; x_wconf 91' lang='lat' dir='ltr'>Asinius</span> <span class='ocrx_word' id='word_1_165' title='bbox 956 1888 1123 1928; x_wconf 91' lang='lat' dir='ltr'>autem</span> <span class='ocrx_word' id='word_1_166' title='bbox 1149 1878 1309 1927; x_wconf 92' lang='lat' dir='ltr'>Pollio</span> <span class='ocrx_word' id='word_1_167' title='bbox 1346 1880 1515 1926; x_wconf 92' lang='lat' dir='ltr'>firmus</span> <span class='ocrx_word' id='word_1_168' title='bbox 1553 1877 1807 1941; x_wconf 89' lang='lat' dir='ltr'>proposito</span> <span class='ocrx_word' id='word_1_169' title='bbox 1844 1886 1892 1926; x_wconf 93' lang='lat' dir='ltr'>et</span> 
     </span>
     <span class='ocr_line' id='line_1_27' title="bbox 223 1960 1892 2028; baseline -0.004 -15"><span class='ocrx_word' id='word_1_170' title='bbox 223 1964 428 2013; x_wconf 91' lang='lat' dir='ltr'>Iulianis</span> <span class='ocrx_word' id='word_1_171' title='bbox 466 1963 686 2028; x_wconf 90' lang='lat' dir='ltr'>partibus</span> <span class='ocrx_word' id='word_1_172' title='bbox 724 1963 868 2022; x_wconf 91' lang='lat' dir='ltr'>fidus,</span> <span class='ocrx_word' id='word_1_173' title='bbox 896 1960 1213 2024; x_wconf 88' lang='lat' dir='ltr'>Pompeianis</span> <span class='ocrx_word' id='word_1_174' title='bbox 1245 1962 1496 2020; x_wconf 88' lang='lat' dir='ltr'>aduersus,</span> <span class='ocrx_word' id='word_1_175' title='bbox 1524 1969 1730 2023; x_wconf 90' lang='lat' dir='ltr'>uterque</span> <span class='ocrx_word' id='word_1_176' title='bbox 1762 1976 1892 2008; x_wconf 91' lang='lat' dir='ltr'>exer-</span> 
     </span>
     <span class='ocr_line' id='line_1_28' title="bbox 222 2042 876 2095; baseline -0.006 0"><span class='ocrx_word' id='word_1_177' title='bbox 222 2046 348 2095; x_wconf 91' lang='lat' dir='ltr'>citus</span> <span class='ocrx_word' id='word_1_178' title='bbox 373 2045 617 2095; x_wconf 91' lang='lat' dir='ltr'>tradidere</span> <span class='ocrx_word' id='word_1_179' title='bbox 641 2042 876 2093; x_wconf 91' lang='lat' dir='ltr'>Antonio.</span> 
     </span>
    </p>

    <p class='ocr_par' dir='ltr' id='par_1_9' title="bbox 218 2121 1890 2522">
     <span class='ocr_line' id='line_1_29' title="bbox 292 2121 1890 2188; baseline -0.005 -10"><span class='ocrx_word' id='word_1_180' title='bbox 292 2132 354 2178; x_wconf 91' lang='lat' dir='ltr'>D.</span> <span class='ocrx_word' id='word_1_181' title='bbox 385 2132 564 2177; x_wconf 91' lang='lat' dir='ltr'>Brutus</span> <span class='ocrx_word' id='word_1_182' title='bbox 597 2128 819 2176; x_wconf 87' lang='lat' dir='ltr'>desertus</span> <span class='ocrx_word' id='word_1_183' title='bbox 843 2125 1003 2188; x_wconf 92' lang='lat' dir='ltr'>primo</span> <span class='ocrx_word' id='word_1_184' title='bbox 1035 2142 1065 2173; x_wconf 91' lang='lat' dir='ltr'>a</span> <span class='ocrx_word' id='word_1_185' title='bbox 1096 2126 1297 2185; x_wconf 92' lang='lat' dir='ltr'>Planco,</span> <span class='ocrx_word' id='word_1_186' title='bbox 1324 2133 1497 2188; x_wconf 91' lang='lat' dir='ltr'>postea</span> <span class='ocrx_word' id='word_1_187' title='bbox 1528 2122 1676 2172; x_wconf 91' lang='lat' dir='ltr'>etiam</span> <span class='ocrx_word' id='word_1_188' title='bbox 1700 2121 1890 2171; x_wconf 90' lang='lat' dir='ltr'>insidiis</span> 
     </span>
     <span class='ocr_line' id='line_1_30' title="bbox 223 2203 1889 2272; baseline -0.005 -12"><span class='ocrx_word' id='word_1_189' title='bbox 223 2211 447 2260; x_wconf 91' lang='lat' dir='ltr'>eiusdem</span> <span class='ocrx_word' id='word_1_190' title='bbox 485 2208 681 2272; x_wconf 90' lang='lat' dir='ltr'>petitus,</span> <span class='ocrx_word' id='word_1_191' title='bbox 708 2206 945 2270; x_wconf 91' lang='lat' dir='ltr'>paulatim</span> <span class='ocrx_word' id='word_1_192' title='bbox 978 2205 1286 2269; x_wconf 89' lang='lat' dir='ltr'>relinquente</span> <span class='ocrx_word' id='word_1_193' title='bbox 1319 2222 1433 2254; x_wconf 91' lang='lat' dir='ltr'>eum</span> <span class='ocrx_word' id='word_1_194' title='bbox 1459 2204 1673 2254; x_wconf 88' lang='lat' dir='ltr'>exercitu</span> <span class='ocrx_word' id='word_1_195' title='bbox 1697 2203 1889 2267; x_wconf 87' lang='lat' dir='ltr'>fugiens</span> 
     </span>
     <span class='ocr_line' id='line_1_31' title="bbox 220 2287 1888 2357; baseline -0.005 -13"><span class='ocrx_word' id='word_1_196' title='bbox 220 2295 271 2344; x_wconf 91' lang='lat' dir='ltr'>in</span> <span class='ocrx_word' id='word_1_197' title='bbox 296 2293 505 2357; x_wconf 88' lang='lat' dir='ltr'>hospitis</span> <span class='ocrx_word' id='word_1_198' title='bbox 530 2291 788 2341; x_wconf 91' lang='lat' dir='ltr'>cuiusdam</span> <span class='ocrx_word' id='word_1_199' title='bbox 813 2289 994 2338; x_wconf 92' lang='lat' dir='ltr'>nobilis</span> <span class='ocrx_word' id='word_1_200' title='bbox 1027 2289 1132 2349; x_wconf 89' lang='lat' dir='ltr'>uiri,</span> <span class='ocrx_word' id='word_1_201' title='bbox 1160 2288 1363 2338; x_wconf 91' lang='lat' dir='ltr'>nomine</span> <span class='ocrx_word' id='word_1_202' title='bbox 1402 2287 1607 2347; x_wconf 91' lang='lat' dir='ltr'>Cameli,</span> <span class='ocrx_word' id='word_1_203' title='bbox 1635 2289 1789 2336; x_wconf 90' lang='lat' dir='ltr'>domo</span> <span class='ocrx_word' id='word_1_204' title='bbox 1824 2287 1888 2335; x_wconf 91' lang='lat' dir='ltr'>ab</span> 
     </span>
     <span class='ocr_line' id='line_1_32' title="bbox 218 2368 1889 2440; baseline -0.007 -13"><span class='ocrx_word' id='word_1_205' title='bbox 218 2378 291 2438; x_wconf 90' lang='lat' dir='ltr'>iis,</span> <span class='ocrx_word' id='word_1_206' title='bbox 341 2392 467 2440; x_wconf 91' lang='lat' dir='ltr'>quos</span> <span class='ocrx_word' id='word_1_207' title='bbox 514 2373 712 2422; x_wconf 89' lang='lat' dir='ltr'>miserat</span> <span class='ocrx_word' id='word_1_208' title='bbox 758 2370 1021 2430; x_wconf 91' lang='lat' dir='ltr'>Antonius,</span> <span class='ocrx_word' id='word_1_209' title='bbox 1071 2370 1316 2433; x_wconf 87' lang='lat' dir='ltr'>iugulatus</span> <span class='ocrx_word' id='word_1_210' title='bbox 1369 2378 1442 2418; x_wconf 93' lang='lat' dir='ltr'>est</span> <span class='ocrx_word' id='word_1_211' title='bbox 1499 2368 1889 2431; x_wconf 90' lang='lat' dir='ltr'>iustissimasque</span> 
     </span>
     <span class='ocr_line' id='line_1_33' title="bbox 220 2448 1887 2522; baseline -0.007 -14"><span class='ocrx_word' id='word_1_212' title='bbox 220 2457 407 2522; x_wconf 92' lang='lat' dir='ltr'>optime</span> <span class='ocrx_word' id='word_1_213' title='bbox 445 2458 508 2506; x_wconf 91' lang='lat' dir='ltr'>de</span> <span class='ocrx_word' id='word_1_214' title='bbox 547 2471 599 2504; x_wconf 88' lang='lat' dir='ltr'>se</span> <span class='ocrx_word' id='word_1_215' title='bbox 640 2452 816 2502; x_wconf 92' lang='lat' dir='ltr'>merito</span> <span class='ocrx_word' id='word_1_216' title='bbox 854 2451 961 2500; x_wconf 91' lang='lat' dir='ltr'>uiro</span> <span class='ocrx_word' id='word_1_217' title='bbox 1003 2452 1059 2501; x_wconf 93' lang='lat' dir='ltr'>C.</span> <span class='ocrx_word' id='word_1_218' title='bbox 1101 2450 1299 2501; x_wconf 90' lang='lat' dir='ltr'>Caesari</span> <span class='ocrx_word' id='word_1_219' title='bbox 1334 2466 1520 2513; x_wconf 92' lang='lat' dir='ltr'>poenas</span> <span class='ocrx_word' id='word_1_220' title='bbox 1556 2448 1708 2508; x_wconf 91' lang='lat' dir='ltr'>dedit,</span> <span class='ocrx_word' id='word_1_221' title='bbox 1747 2448 1887 2497; x_wconf 89' lang='lat' dir='ltr'>cuius</span> 
     </span>
    </p>
   </div>
   <div class='ocr_carea' id='block_1_8' title="bbox 215 2583 1889 2910">
    <p class='ocr_par' dir='ltr' id='par_1_10' title="bbox 215 2583 1889 2910">
     <span class='ocr_line' id='line_1_34' title="bbox 272 2583 1887 2641; baseline -0.004 -11"><span class='ocrx_word' id='word_1_222' title='bbox 272 2604 297 2641; x_wconf 87' lang='lat'><strong>3</strong></span> <span class='ocrx_word' id='word_1_223' title='bbox 327 2591 431 2630; x_wconf 87' lang='lat' dir='ltr'>aliut</span> <span class='ocrx_word' id='word_1_224' title='bbox 452 2623 462 2632; x_wconf 91' lang='lat'><strong>.</strong></span> <span class='ocrx_word' id='word_1_225' title='bbox 483 2622 492 2630; x_wconf 91' lang='lat'><strong>.</strong></span> <span class='ocrx_word' id='word_1_226' title='bbox 514 2621 523 2631; x_wconf 92' lang='lat'><strong>.</strong></span> <span class='ocrx_word' id='word_1_227' title='bbox 545 2590 646 2629; x_wconf 82' lang='lat' dir='ltr'>aliut</span> <span class='ocrx_word' id='word_1_228' title='bbox 660 2588 705 2628; x_wconf 92' lang='lat' dir='ltr'>A</span> <span class='ocrx_word' id='word_1_229' title='bbox 836 2601 862 2638; x_wconf 87' lang='lat'>4</span> <span class='ocrx_word' id='word_1_230' title='bbox 891 2588 1071 2637; x_wconf 89' lang='lat' dir='ltr'>intelligi</span> <span class='ocrx_word' id='word_1_231' title='bbox 1090 2587 1181 2626; x_wconf 88' lang='grc' dir='ltr'>ΑΡ</span> <span class='ocrx_word' id='word_1_232' title='bbox 1304 2598 1330 2636; x_wconf 88' lang='lat'>5</span> <span class='ocrx_word' id='word_1_233' title='bbox 1358 2586 1493 2636; x_wconf 87' lang='lat' dir='ltr'>Alpes</span> <span class='ocrx_word' id='word_1_234' title='bbox 1516 2584 1607 2624; x_wconf 90' lang='grc' dir='ltr'>ΑΡ</span> <span class='ocrx_word' id='word_1_235' title='bbox 1723 2585 1750 2622; x_wconf 92' lang='grc'>6</span> <span class='ocrx_word' id='word_1_236' title='bbox 1778 2583 1887 2624; x_wconf 92' lang='lat' dir='ltr'>conl.</span> 
     </span>
     <span class='ocr_line' id='line_1_35' title="bbox 215 2638 1889 2696; baseline -0.005 -11"><span class='ocrx_word' id='word_1_237' title='bbox 215 2645 307 2685; x_wconf 90' lang='grc' dir='ltr'>ΑΡ</span> <span class='ocrx_word' id='word_1_238' title='bbox 422 2646 493 2696; x_wconf 91' lang='lat' dir='ltr'>qui</span> <span class='ocrx_word' id='word_1_239' title='bbox 514 2650 630 2696; x_wconf 92' lang='lat' dir='ltr'>pont.</span> <span class='ocrx_word' id='word_1_240' title='bbox 644 2657 754 2683; x_wconf 85' lang='lat' dir='ltr'>max.</span> <span class='ocrx_word' id='word_1_241' title='bbox 768 2656 852 2682; x_wconf 87' lang='lat' dir='ltr'>om.</span> <span class='ocrx_word' id='word_1_242' title='bbox 865 2642 909 2681; x_wconf 91' lang='lat' dir='ltr'>A</span> <span class='ocrx_word' id='word_1_243' title='bbox 1022 2644 1048 2681; x_wconf 89' lang='lat'>8</span> <span class='ocrx_word' id='word_1_244' title='bbox 1077 2642 1223 2692; x_wconf 84' lang='lat' dir='ltr'>sepius</span> <span class='ocrx_word' id='word_1_245' title='bbox 1242 2641 1285 2680; x_wconf 90' lang='lat' dir='ltr'>A</span> <span class='ocrx_word' id='word_1_246' title='bbox 1410 2654 1437 2691; x_wconf 91' lang='lat'>9</span> <span class='ocrx_word' id='word_1_247' title='bbox 1469 2640 1646 2690; x_wconf 91' lang='lat' dir='ltr'>Laepido</span> <span class='ocrx_word' id='word_1_248' title='bbox 1664 2638 1708 2678; x_wconf 90' lang='lat' dir='ltr'>A</span> <span class='ocrx_word' id='word_1_249' title='bbox 1837 2651 1889 2677; x_wconf 91' lang='lat'>10</span> 
     </span>
     <span class='ocr_line' id='line_1_36' title="bbox 218 2692 1884 2750; baseline -0.006 -10"><span class='ocrx_word' id='word_1_250' title='bbox 218 2712 415 2740; x_wconf 84' lang='lat' dir='ltr'>auersam</span> <span class='ocrx_word' id='word_1_251' title='bbox 429 2700 535 2740; x_wconf 92' lang='lat' dir='ltr'>AP:</span> <span class='ocrx_word' id='word_1_252' title='bbox 556 2704 720 2750; x_wconf 87' lang='lat' dir='ltr'>partem</span> <span class='ocrx_word' id='word_1_253' title='bbox 735 2697 888 2747; x_wconf 84' lang='lat' dir='ltr'>Aldus,</span> <span class='ocrx_word' id='word_1_254' title='bbox 905 2702 1070 2747; x_wconf 87' lang='lat' dir='ltr'>portam</span> <span class='ocrx_word' id='word_1_255' title='bbox 1091 2696 1264 2735; x_wconf 77' lang='lat' dir='ltr'>Vrsinus</span> <span class='ocrx_word' id='word_1_256' title='bbox 1274 2695 1497 2746; x_wconf 81' lang='lat' dir='ltr'>suppleuit:</span> <span class='ocrx_word' id='word_1_257' title='bbox 1518 2707 1670 2734; x_wconf 87' lang='lat' dir='ltr'>auersa</span> <span class='ocrx_word' id='word_1_258' title='bbox 1688 2692 1884 2741; x_wconf 84' lang='lat' dir='ltr'>Gelenius,</span> 
     </span>
     <span class='ocr_line' id='line_1_37' title="bbox 217 2749 1887 2806; baseline -0.005 -12"><span class='ocrx_word' id='word_1_259' title='bbox 217 2756 331 2806; x_wconf 86' lang='lat' dir='ltr'>quod</span> <span class='ocrx_word' id='word_1_260' title='bbox 349 2755 522 2805; x_wconf 81' lang='lat' dir='ltr'>defendit</span> <span class='ocrx_word' id='word_1_261' title='bbox 546 2754 669 2793; x_wconf 74' lang='lat' dir='ltr'>Kritz</span> <span class='ocrx_word' id='word_1_262' title='bbox 687 2767 737 2791; x_wconf 89' lang='lat' dir='ltr'>ex</span> <span class='ocrx_word' id='word_1_263' title='bbox 752 2752 848 2792; x_wconf 88' lang='lat' dir='ltr'>Liu.</span> <span class='ocrx_word' id='word_1_264' title='bbox 872 2765 910 2791; x_wconf 79' lang='lat' dir='ltr'>v,</span> <span class='ocrx_word' id='word_1_265' title='bbox 930 2765 994 2802; x_wconf 90' lang='lat'>29.</span> <span class='ocrx_word' id='word_1_266' title='bbox 1013 2763 1050 2801; x_wconf 90' lang='lat'>5,</span> <span class='ocrx_word' id='word_1_267' title='bbox 1073 2750 1184 2791; x_wconf 76' lang='lat' dir='ltr'>Plin.</span> <span class='ocrx_word' id='word_1_268' title='bbox 1208 2750 1269 2791; x_wconf 89' lang='lat' dir='ltr'>H.</span> <span class='ocrx_word' id='word_1_269' title='bbox 1290 2750 1342 2789; x_wconf 93' lang='grc' dir='ltr'>Ν.</span> <span class='ocrx_word' id='word_1_270' title='bbox 1365 2749 1422 2789; x_wconf 90' lang='lat' dir='ltr'>vi.</span> <span class='ocrx_word' id='word_1_271' title='bbox 1448 2751 1497 2789; x_wconf 90' lang='lat'>18</span> <span class='ocrx_word' id='word_1_272' title='bbox 1630 2761 1678 2787; x_wconf 93' lang='lat'>11</span> <span class='ocrx_word' id='word_1_273' title='bbox 1710 2752 1887 2797; x_wconf 87' lang='lat' dir='ltr'>proruto</span> 
     </span>
     <span class='ocr_line' id='line_1_38' title="bbox 220 2802 1886 2860; baseline -0.007 -11"><span class='ocrx_word' id='word_1_274' title='bbox 220 2810 432 2850; x_wconf 82' lang='lat' dir='ltr'>Gelenius:</span> <span class='ocrx_word' id='word_1_275' title='bbox 460 2814 635 2860; x_wconf 90' lang='lat' dir='ltr'>proruta</span> <span class='ocrx_word' id='word_1_276' title='bbox 653 2806 744 2846; x_wconf 89' lang='grc' dir='ltr'>ΑΡ</span> <span class='ocrx_word' id='word_1_277' title='bbox 807 2820 832 2845; x_wconf 86' lang='lat' dir='ltr'>a</span> <span class='ocrx_word' id='word_1_278' title='bbox 852 2806 945 2846; x_wconf 89' lang='lat' dir='ltr'>add.</span> <span class='ocrx_word' id='word_1_279' title='bbox 970 2805 1170 2844; x_wconf 80' lang='lat' dir='ltr'>Heinsius</span> <span class='ocrx_word' id='word_1_280' title='bbox 1309 2818 1358 2843; x_wconf 86' lang='lat'>12</span> <span class='ocrx_word' id='word_1_281' title='bbox 1387 2803 1552 2854; x_wconf 89' lang='lat' dir='ltr'>imperii</span> <span class='ocrx_word' id='word_1_282' title='bbox 1571 2802 1662 2841; x_wconf 88' lang='grc' dir='ltr'>ΑΡ</span> <span class='ocrx_word' id='word_1_283' title='bbox 1837 2813 1886 2849; x_wconf 90' lang='lat'>14</span> 
     </span>
     <span class='ocr_line' id='line_1_39' title="bbox 216 2855 1885 2910; baseline -0.005 -8"><span class='ocrx_word' id='word_1_284' title='bbox 216 2865 446 2903; x_wconf 89' lang='lat' dir='ltr'>accerrime</span> <span class='ocrx_word' id='word_1_285' title='bbox 465 2863 509 2902; x_wconf 90' lang='lat' dir='ltr'>A</span> <span class='ocrx_word' id='word_1_286' title='bbox 655 2864 706 2904; x_wconf 91' lang='lat'>16</span> <span class='ocrx_word' id='word_1_287' title='bbox 735 2860 903 2901; x_wconf 89' lang='lat' dir='ltr'>consilii</span> <span class='ocrx_word' id='word_1_288' title='bbox 921 2859 1013 2899; x_wconf 91' lang='grc' dir='ltr'>ΑΡ</span> <span class='ocrx_word' id='word_1_289' title='bbox 1154 2873 1204 2910; x_wconf 91' lang='lat'>19</span> <span class='ocrx_word' id='word_1_290' title='bbox 1234 2859 1421 2898; x_wconf 91' lang='lat' dir='ltr'>consulis</span> <span class='ocrx_word' id='word_1_291' title='bbox 1440 2858 1483 2897; x_wconf 92' lang='lat' dir='ltr'>A</span> <span class='ocrx_word' id='word_1_292' title='bbox 1504 2872 1514 2897; x_wconf 73' lang='grc' dir='ltr'>ε</span> <span class='ocrx_word' id='word_1_293' title='bbox 1544 2857 1668 2896; x_wconf 90' lang='lat' dir='ltr'>COS.</span> <span class='ocrx_word' id='word_1_294' title='bbox 1689 2855 1733 2895; x_wconf 93' lang='lat' dir='ltr'>P</span> <span class='ocrx_word' id='word_1_295' title='bbox 1837 2868 1885 2894; x_wconf 90' lang='lat' dir='ltr'>se</span> 
     </span>
    </p>
   </div>
   <div class='ocr_carea' id='block_1_9' title="bbox 214 2923 1886 3036">
    <p class='ocr_par' dir='ltr' id='par_1_11' title="bbox 214 2923 1886 3036">
     <span class='ocr_line' id='line_1_40' title="bbox 214 2923 1886 2983; baseline -0.005 -13"><span class='ocrx_word' id='word_1_296' title='bbox 214 2938 341 2983; x_wconf 88' lang='lat' dir='ltr'>supra</span> <span class='ocrx_word' id='word_1_297' title='bbox 369 2945 534 2971; x_wconf 84' lang='lat' dir='ltr'>uersum</span> <span class='ocrx_word' id='word_1_298' title='bbox 553 2930 597 2969; x_wconf 89' lang='lat' dir='ltr'>A</span> <span class='ocrx_word' id='word_1_299' title='bbox 711 2943 763 2980; x_wconf 83' lang='lat'>23</span> <span class='ocrx_word' id='word_1_300' title='bbox 793 2923 888 2981; x_wconf 61' lang='grc' dir='ltr'>ᾗῖο</span> <span class='ocrx_word' id='word_1_301' title='bbox 909 2927 950 2968; x_wconf 89' lang='grc' dir='ltr'><em>Α</em></span> <span class='ocrx_word' id='word_1_302' title='bbox 1063 2933 1213 2978; x_wconf 86' lang='lat' dir='ltr'>postea</span> <span class='ocrx_word' id='word_1_303' title='bbox 1230 2927 1274 2965; x_wconf 92' lang='lat' dir='ltr'>A</span> <span class='ocrx_word' id='word_1_304' title='bbox 1295 2941 1304 2967; x_wconf 90' lang='lat'>:</span> <span class='ocrx_word' id='word_1_305' title='bbox 1334 2931 1432 2977; x_wconf 87' lang='lat' dir='ltr'>post</span> <span class='ocrx_word' id='word_1_306' title='bbox 1451 2925 1494 2963; x_wconf 91' lang='lat' dir='ltr'>P</span> <span class='ocrx_word' id='word_1_307' title='bbox 1609 2935 1660 2974; x_wconf 87' lang='lat'>25</span> <span class='ocrx_word' id='word_1_308' title='bbox 1691 2923 1886 2974; x_wconf 87' lang='lat' dir='ltr'>hospitiis</span> 
     </span>
     <span class='ocr_line' id='line_1_41' title="bbox 214 2978 1621 3036; baseline -0.006 -10"><span class='ocrx_word' id='word_1_309' title='bbox 214 2986 257 3025; x_wconf 91' lang='lat' dir='ltr'>A</span> <span class='ocrx_word' id='word_1_310' title='bbox 373 2986 535 3026; x_wconf 92' lang='lat' dir='ltr'>Camilli</span> <span class='ocrx_word' id='word_1_311' title='bbox 557 2984 730 3025; x_wconf 84' lang='lat' dir='ltr'>Cludius</span> <span class='ocrx_word' id='word_1_312' title='bbox 746 2998 797 3024; x_wconf 85' lang='lat' dir='ltr'>ex</span> <span class='ocrx_word' id='word_1_313' title='bbox 811 2984 923 3036; x_wconf 88' lang='lat' dir='ltr'>App.</span> <span class='ocrx_word' id='word_1_314' title='bbox 945 2984 978 3023; x_wconf 83' lang='lat' dir='ltr'>b.</span> <span class='ocrx_word' id='word_1_315' title='bbox 1003 2983 1069 3023; x_wconf 85' lang='lat' dir='ltr'>civ.</span> <span class='ocrx_word' id='word_1_316' title='bbox 1093 2994 1132 3034; x_wconf 87' lang='lat'>3,</span> <span class='ocrx_word' id='word_1_317' title='bbox 1155 2982 1210 3032; x_wconf 89' lang='lat'>98</span> <span class='ocrx_word' id='word_1_318' title='bbox 1373 2981 1427 3020; x_wconf 83' lang='lat' dir='ltr'>ab</span> <span class='ocrx_word' id='word_1_319' title='bbox 1446 2980 1512 3019; x_wconf 87' lang='lat' dir='ltr'>his</span> <span class='ocrx_word' id='word_1_320' title='bbox 1530 2978 1621 3018; x_wconf 91' lang='grc' dir='ltr'>ΑΡ</span> 
     </span>
    </p>
   </div>
   <div class='ocr_carea' id='block_1_10' title="bbox 1023 3102 1077 3142">
    <p class='ocr_par' dir='ltr' id='par_1_12' title="bbox 1023 3102 1077 3142">
     <span class='ocr_line' id='line_1_42' title="bbox 1023 3102 1077 3142; baseline -0.019 0"><span class='ocrx_word' id='word_1_321' title='bbox 1023 3102 1077 3142; x_wconf 87' lang='lat'>80</span> 
     </span>
    </p>
   </div>
   <div class='ocr_carea' id='block_1_11' title="bbox 1918 663 1940 704">
    <p class='ocr_par' dir='ltr' id='par_1_13' title="bbox 1918 663 1940 704">
     <span class='ocr_line' id='line_1_43' title="bbox 1918 663 1940 704; baseline 0 0"><span class='ocrx_word' id='word_1_322' title='bbox 1918 663 1940 704; x_wconf 88' lang='grc'><strong><em>5</em></strong></span> 
     </span>
    </p>
   </div>
   <div class='ocr_carea' id='block_1_12' title="bbox 1919 1079 1969 1108">
    <p class='ocr_par' dir='ltr' id='par_1_14' title="bbox 1919 1079 1969 1108">
     <span class='ocr_line' id='line_1_44' title="bbox 1919 1079 1969 1108; baseline 0.04 -2"><span class='ocrx_word' id='word_1_323' title='bbox 1919 1079 1969 1108; x_wconf 85' lang='grc'>10</span> 
     </span>
    </p>
   </div>
   <div class='ocr_carea' id='block_1_13' title="bbox 1917 1443 2011 1522">
    <p class='ocr_par' dir='ltr' id='par_1_15' title="bbox 1917 1443 2011 1522">
     <span class='ocr_line' id='line_1_45' title="bbox 1917 1443 2011 1522; baseline 0 -12"><span class='ocrx_word' id='word_1_324' title='bbox 1917 1481 1963 1520; x_wconf 90' lang='lat'>15</span> <span class='ocrx_word' id='word_1_325' title='bbox 1996 1443 2011 1522; x_wconf 39' lang='lat' dir='ltr'><strong>J</strong></span> 
     </span>
    </p>
   </div>
  </div>
 </body>
</html>
