2014 3392
722 244 980 291 VELLEI
1018 244 1418 293 PATERCVLI

236 380 287 429 in
321 397 419 444 qua
442 380 782 430 fidelissimum
815 379 1025 443 partium
1051 396 1248 428 suarum
1281 380 1484 429 haberet
1515 397 1679 444 regem
1706 381 1898 441 Iubam,

237 461 573 522 suadentibus,
623 465 903 526 Aegyptum
953 470 1120 524 petere
1171 461 1430 524 proposuit
1485 478 1675 510 memor
1721 462 1902 512 benefi-

236 543 439 604 ciorum,
461 561 588 607 quae
612 528 669 592 in⁸
687 553 876 607 patrem
900 542 1006 591 eius
1031 542 1315 602 Ptolemaei,
1338 542 1548 606 quitum
1572 560 1725 606 puero
1750 560 1900 608 quam

194 643 213 671 2
235 626 405 676 iuueni
439 626 639 690 propior
673 626 926 688 regnabat.
943 625 1283 686 Alexandriae,
1311 627 1596 690 contulerat.
1670 628 1760 676 sed
1791 626 1900 690 quis

234 708 286 757 in
310 709 529 758 aduersis
568 708 922 757 beneficiorum
955 718 1115 757 seruat
1147 708 1474 777 memosslssfssl?
1507 718 1592 757 aut
1616 709 1725 772 quis
1750 711 1900 758 ullam
1925 737 1947 776 5

236 775 532 839 calamitosis
571 789 741 839 deberi
779 798 918 852 putat
955 778 1196 852 gratiam?
1235 798 1320 838 aut
1352 792 1554 853 quando
1579 792 1775 839 fortuna
1798 807 1900 840 non

236 881 393 921 mutat
438 873 627 920 fidem?
685 870 820 920 missi
866 870 1032 933 itaque
1078 871 1142 919 ab
1189 888 1314 934 rege,
1359 871 1444 935 qui
1485 872 1765 921 uenientem
1805 874 1895 923 Cn.

236 949 532 1018 Pompeium
558 954 619 1020 (is
643 954 741 1002 iam
766 971 796 1002 a
829 952 1080 1016 Mytilenis
1114 953 1396 1003 Corneliam
1425 971 1627 1003 uxorem
1652 963 1899 1017 receptam

235 1036 287 1085 in
312 1053 492 1085 nauem
517 1038 660 1099 fugae
685 1035 919 1084 comitem
944 1035 1126 1084 habere
1151 1034 1401 1100 coeperat)
1422 1036 1629 1085 consilio
1648 1037 1901 1086 Theodoti

235 1129 284 1169 et
308 1119 490 1168 Achilli
527 1119 806 1182 exciperent
838 1120 1259 1182 hortarenturque,
1286 1129 1339 1168 ut
1372 1136 1431 1168 ex
1459 1120 1679 1169 oneraria
1702 1120 1754 1169 in
1790 1138 1899 1170 eam
1927 1144 1976 1171 10

235 1217 430 1261 nauem,
458 1218 585 1264 quae
610 1201 811 1250 obuiam
844 1211 1160 1264 processerat,
1187 1203 1554 1251 transcenderet
1576 1221 1585 1251 ε
1623 1204 1760 1266 quod
1785 1220 1899 1252 cum

232 1283 441 1343 fecisset,
501 1282 729 1346 princeps
790 1282 1007 1332 Romani
1064 1282 1279 1332 nominis
1337 1283 1544 1346 imperio
1601 1283 1900 1347 arbitrioque

234 1364 463 1428 Aegyptii
487 1364 721 1427 mancipii
746 1366 801 1415 C.
826 1365 1036 1414 Caesare
1056 1366 1107 1412 P.
1128 1364 1335 1413 Seruilio
1354 1364 1640 1414 consulibus
1656 1364 1900 1428 iugulatus

191 1466 214 1505 3
234 1455 319 1495 est.
393 1445 474 1494 hic
511 1455 625 1509 post
662 1455 758 1494 tres
800 1447 1085 1494 consulatus
1123 1454 1171 1494 et
1204 1445 1412 1494 totidem
1444 1446 1720 1509 triumphos
1746 1446 1901 1496 domi·

234 1537 440 1590 tumque
481 1537 715 1576 terrarum
757 1527 929 1575 orbem
968 1526 1261 1576 sanctissimi
1301 1537 1450 1591 atque
1496 1527 1899 1591 praestantissimi
1927 1527 2014 1595 ι5ἷῆ

233 1609 326 1658 uiri
361 1609 412 1657 in
444 1609 496 1658 id
526 1608 699 1669 euecti,
732 1625 878 1672 super
906 1611 1044 1672 quod
1081 1609 1320 1659 adscendi
1358 1627 1460 1659 non
1498 1619 1674 1673 potest,
1715 1611 1901 1660 duode-
2013 1609 2014 1621 ¹

234 1690 591 1753 sexagesimum
616 1707 802 1738 annum
827 1690 1016 1753 agentis
1048 1690 1205 1753 pridie
1237 1693 1451 1740 natalem
1475 1691 1629 1754 ipsius
1654 1691 1785 1740 uitae
1810 1691 1900 1740 fuit
1950 1702 1953 1703 ’

234 1771 404 1831 exitus,
439 1771 490 1819 in
526 1780 718 1819 tantum
755 1770 805 1818 in
842 1770 926 1819 illo
962 1770 1068 1819 uiro
1106 1788 1135 1819 a
1173 1788 1224 1820 se
1261 1770 1575 1821 discordante
1610 1774 1819 1832 fortuna,
1846 1782 1900 1821 ut

234 1853 314 1902 cui
339 1855 492 1902 modo
516 1854 581 1901 ad
606 1851 862 1901 uictoriam
882 1862 1007 1901 terra
1025 1854 1259 1914 defuerat,
1282 1855 1475 1903 deesset
1492 1856 1557 1904 ad
1582 1857 1895 1918 sepulturam.

186 1956 213 1996 4
234 1936 356 2000 quid
380 1935 515 1984 aliud
539 1952 689 1998 quarn
714 1934 923 1983 nimium
956 1944 1224 1998 occupatos
1257 1935 1475 1996 dixerim,
1503 1953 1628 2000 quos
1661 1936 1712 1985 in
1740 1947 1899 1986 aetate
1924 1955 1973 1984 20

235 2027 283 2067 et
307 2017 430 2066 tanti
460 2026 508 2066 et
539 2034 698 2080 paene
731 2017 885 2066 nostri
923 2017 1106 2066 saeculi
1143 2017 1235 2066 uiri
1272 2018 1442 2067 fefellit
1466 2018 1900 2082 quinquennium?

234 2117 349 2148 cum
381 2116 411 2147 a
440 2100 495 2149 C.
524 2098 677 2147 Atilio
710 2108 758 2147 et
791 2100 852 2160 Q.
882 2099 1090 2148 Seruilio
1126 2099 1413 2149 consulibus
1445 2109 1546 2149 tam
1578 2100 1732 2149 facilis
1771 2110 1899 2150 esset

233 2197 477 2230 annorum
513 2179 734 2243 digestio.
807 2182 945 2243 quod
982 2180 1155 2241 adieci,
1190 2197 1293 2230 non
1330 2190 1385 2230 ut
1415 2198 1682 2245 arguerem,
1715 2184 1803 2232 sed
1835 2199 1898 2231 ne

233 2278 468 2325 arguerer.

147 2354 212 2403 54
303 2345 420 2391 Non
457 2341 547 2390 fuit
580 2351 745 2391 tamen
775 2341 930 2391 maior
958 2342 1009 2391 in
1035 2344 1312 2403 Caesarem,
1340 2360 1489 2407 quam
1522 2343 1572 2392 in
1603 2344 1898 2407 Pompeium
1924 2364 1972 2404 25

234 2425 403 2483 fuerat,
447 2422 571 2485 regis
619 2439 891 2486 eorumque
945 2440 1156 2486 quorum
1211 2423 1252 2473 is
1306 2424 1596 2474 auctoritate
1642 2425 1899 2488 regebatur

235 2506 371 2554 fides.
445 2504 630 2568 quippe
662 2521 777 2552 cum
809 2504 1093 2554 uenientem
1127 2522 1241 2554 eum
1266 2515 1589 2569 temptassent
1621 2506 1811 2556 insidiis
1840 2525 1898 2557 ac

1974 518 2005 534 Ὀ

292 2633 311 2660 Ι
342 2621 386 2659 in
414 2633 498 2671 quo
527 2619 624 2667 ΑΡ]
658 2633 753 2659 corr.
787 2620 973 2659 Gelenius
1150 2634 1176 2670 3
1205 2621 1439 2661 Ptolomaei
1467 2621 1558 2659 AP
1729 2636 1755 2672 4
1784 2622 1901 2673 prior

232 2681 433 2726 suprascr.
457 2675 553 2725 pior
570 2673 629 2725 A,
653 2674 792 2713 exa'dit
805 2680 838 2729 ,p
860 2676 974 2727 (pro)
1085 2676 1180 2725 quis
1198 2676 1331 2715 ullam
1349 2676 1393 2714 in
1412 2675 1454 2713 A
1479 2675 1566 2727 (sic)
1719 2691 1746 2727 9
1776 2691 1898 2728 cepe—

235 2735 300 2768 rat
328 2729 371 2767 P
507 2742 557 2767 10
585 2728 724 2768 Achili
754 2728 823 2768 B:
861 2729 971 2768 Achi
1002 2729 1044 2767 A
1067 2745 1076 2770 :
1103 2730 1298 2770 Achillae
1328 2730 1371 2768 P
1484 2742 1528 2769 11
1561 2731 1729 2770 obuiam
1750 2745 1831 2772 om.
1852 2732 1894 2770 A

238 2796 285 2832 13
313 2784 501 2834 Aegiptii
520 2783 563 2821 A
732 2784 930 2833 mancipii
967 2783 1069 2834 ΑΡ,
1097 2785 1212 2835 quod
1245 2798 1328 2824 non
1366 2798 1500 2824 ausus
1535 2799 1634 2824 sum
1665 2792 1826 2825 mutare
1855 2787 1898 2825 in

236 2852 416 2902 mancipi
571 2853 683 2892 COS
698 2851 740 2889 A
762 2867 771 2892 ε
793 2852 938 2892 COSS
951 2852 994 2890 P
1088 2865 1138 2902 15
1158 2853 1339 2904 atqueA
1361 2868 1371 2893 t
1399 2867 1449 2893 ac
1468 2853 1512 2891 P
1593 2855 1641 2892 16
1660 2854 1740 2892 uiri
1757 2867 1838 2895 om.
1852 2854 1895 2892 A

235 2918 321 2945 asc.
341 2906 430 2944 ΑΡ
518 2907 602 2946 duo
619 2908 673 2946 de
688 2907 1022 2957 sexagessimum
1038 2907 1080 2944 A
1194 2921 1248 2948 20
1266 2914 1448 2948 aetatem
1463 2907 1560 2958 ΑΡ,
1575 2921 1654 2947 em.
1670 2908 1900 2947 Rhenanus

235 2973 284 2998 21
317 2974 427 3010 pene
447 2960 489 2998 A
588 2961 720 3000 seculi
735 2961 777 2999 A
918 2974 969 3000 22
997 2962 1039 3000 A
1051 2962 1085 3001 C
1098 2962 1229 3001 Atilio
1242 2962 1283 2999 A
1397 2968 1440 3001 et
1451 2961 1500 3010 P,
1518 2976 1599 3002 om.
1615 2962 1657 2999 A
1762 2963 1898 3002 facilis

239 3015 445 3055 Gelenius:
467 3015 570 3054 felix
580 3016 717 3067 (foelix
729 3014 910 3068 A)AP:
931 3016 1112 3066 simplex
1122 3016 1266 3055 Haase
1374 3028 1427 3066 25
1446 3022 1588 3056 tamen
1603 3017 1897 3056 maiorBurer:
1979 3032 1990 3050 Α·

234 3082 321 3107 non
352 3070 484 3108 maior
509 3070 624 3109 AB:
665 3069 879 3109 maiorP:
920 3070 1121 3121 superfuit
1145 3084 1196 3109 ex
1222 3077 1267 3109 tn
1288 3076 1390 3121 pars
1420 3075 1585 3109 tantum
1610 3071 1810 3122 posterior
1829 3072 1895 3125 (fi)

235 3125 287 3163 26
307 3124 601 3164 auctoritatem
619 3125 709 3178 (sic)
728 3125 770 3163 A
886 3138 936 3175 27
959 3130 1208 3165 temtassent
1227 3125 1269 3163 A
1285 3140 1294 3165 ε
1326 3131 1563 3166 tentassent
1577 3125 1620 3164 P

1041 3200 1088 3243 72

1980 2736 2001 2798 “·-
1978 1903 2014 2722 ’ffiffiMQQ-Qffissrfsestfeew
1988 1711 2014 1892 ³:232:u
2013 1629 2014 1645 ⁴

1986 2933 1995 3004 ιω-
1983 2849 1998 2924 -m
1983 2811 2001 2835 μ
