2014 3392
740 191 996 240 VELLEI
1035 191 1435 241 PATERCVLI

776 630 991 678 LIBER
1028 630 1393 680 SECVNDVS

209 785 233 822 1
275 782 279 787 '
322 771 578 822 Potentiae
636 774 981 822 Romanorum
1038 771 1169 836 prior
1227 771 1392 835 Scipio
1450 771 1583 821 uiam
1646 782 1915 836 aperuerat,

251 853 468 904 luxuriae
491 853 732 918 posterior
754 853 972 918 aperuit:
1009 853 1194 917 quippe
1225 863 1417 902 remoto
1447 853 1756 917 Carthaginis
1781 863 1916 903 metu

253 935 545 1000 sublataque
579 934 755 999 imperi
787 937 983 985 aemula
1018 953 1121 985 non
1156 937 1324 999 gradu,
1352 936 1441 985 sed
1477 935 1733 999 praecipiti
1770 953 1916 986 cursu

249 1035 278 1066 a
313 1017 493 1067 uirtute
528 1016 787 1077 descitum,
813 1018 879 1067 ad
913 1015 1033 1066 uitia
1067 1025 1432 1078 transcursum3
1477 1026 1620 1066 uetus
1656 1016 1918 1081 disciplina

251 1100 456 1159 deserta,
483 1115 616 1149 noua
650 1099 885 1159 inducta3
932 1098 984 1147 in
1020 1115 1252 1148 somnum
1287 1115 1318 1147 a
1351 1097 1543 1161 uigiliis,
1569 1099 1633 1147 ab
1668 1098 1816 1148 armis
1851 1099 1917 1149 ad
1941 1107 1963 1148 5

206 1201 225 1229 2
252 1182 545 1244 uoluptates,
571 1197 601 1229 a
624 1179 834 1244 negotiis
858 1179 910 1228 in
935 1179 1091 1229 otium
1116 1195 1357 1228 conuersa
1381 1178 1566 1228 ciuitas.
1622 1189 1729 1228 tum
1749 1180 1916 1243 Scipio

250 1262 433 1312 Nasica
467 1261 518 1311 in
555 1262 804 1326 Capitolio
839 1261 1070 1326 porticus,
1108 1270 1230 1321 tum,
1268 1277 1391 1325 quas
1426 1261 1771 1324 praediximus,
1812 1264 1918 1311 Me-
1996 1263 1999 1270 ’

249 1345 407 1404 tellus,
456 1353 563 1394 tum
609 1343 661 1393 in
702 1343 833 1394 circo
881 1345 973 1394 Cn.
1024 1342 1264 1393 Octauius
1311 1344 1469 1392 multo
1514 1342 1916 1392 amoenissimam

250 1425 409 1475 moliti
461 1434 591 1486 sunt,
638 1424 992 1490 publicamque
1046 1423 1463 1488 magnificentiam
1511 1434 1679 1473 secuta
1727 1424 1918 1488 priuata

203 1525 226 1564 3
249 1506 438 1556 luxuria
482 1516 569 1557 est.
659 1505 794 1556 triste
840 1505 1024 1556 deinde
1070 1515 1119 1555 et
1166 1505 1583 1555 contumeliosum
1630 1506 1817 1555 bellum
1864 1506 1915 1555 in
1944 1519 2002 1548 10v

251 1587 498 1651 Hispania
538 1589 667 1637 duce
706 1589 954 1636 latronum
990 1586 1216 1636 Viriatho
1258 1596 1483 1636 secutum
1519 1596 1622 1636 est:
1675 1588 1814 1651 quod
1849 1587 1917 1636 ita

248 1669 383 1718 uaria
417 1671 614 1719 fortuna
647 1678 840 1732 gestum
877 1677 963 1729 est,
990 1677 1045 1717 ut
1077 1667 1271 1732 saepius
1304 1670 1648 1718 Romanorum
1672 1677 1918 1731 gereretur

249 1752 469 1800 aduersa.
543 1752 631 1800 sed
659 1749 956 1813 interempto
980 1748 1206 1799 Viriatho
1241 1750 1413 1798 fraude
1448 1748 1603 1813 magis
1639 1765 1790 1812 quam
1826 1749 1917 1798 uir-

200 1839 226 1877 4
251 1842 355 1881 tute
391 1830 566 1883 Seruili
599 1830 867 1895 Caepionis
901 1830 1265 1880 Numantinum
1297 1830 1492 1894 grauius
1531 1829 1717 1879 exarsit.
1791 1831 1916 1880 haec
2000 1812 2014 1904 i

250 1915 366 1963 urbs
391 1930 665 1977 numquam
689 1913 830 1976 plura
852 1928 1003 1975 quam
1027 1912 1204 1961 decem
1237 1913 1374 1960 milia
1398 1911 1623 1975 propriae
1646 1910 1917 1960 iuuentutis
1945 1907 2014 1983 153¹

249 1994 471 2055 armauit,
489 1995 579 2045 sed
602 1995 684 2044 uel
706 1992 890 2043 ferocia
912 1991 1079 2056 ingeni
1102 1994 1184 2042 uel
1208 1991 1402 2042 inscitia
1425 2001 1706 2042 nostrorum
1730 1993 1915 2041 ducum
2004 1984 2014 2077 Ξ

250 2079 331 2126 uel
368 2079 594 2126 fortunae
630 2073 939 2137 indulgentia
975 2090 1090 2122 cum
1125 2073 1248 2122 alios
1281 2075 1448 2134 duces,
1475 2082 1582 2122 tum
1620 2072 1916 2136 Pompeium

250 2158 417 2222 magni
457 2156 673 2207 nominis
714 2156 876 2205 uirum
915 2157 982 2205 ad
1018 2154 1299 2218 turpissima
1336 2154 1539 2204 deduxit
1580 2156 1781 2204 foedera
1817 2153 1918 2220 (hic

250 2241 436 2303 primus
461 2256 489 2288 e
514 2237 747 2301 Pompeis
772 2238 947 2286 consul
970 2235 1097 2302 fuit),
1125 2253 1218 2286 nec
1243 2236 1405 2286 minus
1430 2235 1590 2300 turpia
1619 2253 1678 2285 ac
1711 2238 1919 2286 detesta-
2008 2288 2011 2301 Δ

204 2339 225 2376 5
250 2322 369 2371 bilia
427 2319 722 2370 Mancinum
778 2318 1054 2368 Hostilium
1108 2319 1378 2368 consulem.
1474 2319 1563 2367 sed
1621 2317 1917 2381 Pompeium
1943 2310 2014 2377 καὶ

251 2402 403 2466 gratia
448 2400 731 2465 inpunitum
784 2399 972 2459 habuit,
1024 2399 1319 2448 Mancinum
1364 2398 1665 2448 uerecundia
1712 2398 1918 2465 (quippe
2003 2383 2011 2440 l

253 2502 355 2532 non
401 2480 699 2546 recusando)
747 2480 974 2544 perduxit
1031 2482 1144 2540 huc,
1194 2490 1248 2529 ut
1294 2497 1381 2543 per
1426 2479 1602 2529 fetialis
1649 2481 1813 2529 nudus
1859 2496 1919 2528 ac

252 2574 537 2628 postergum
561 2562 772 2626 religatis
797 2561 1027 2611 manibus
1059 2563 1321 2611 dederetur
1352 2561 1591 2611 hostibus.
1664 2578 1814 2626 quem
1850 2561 1919 2610 illi

2009 2178 2013 2239 ἰ

1797 2693 1899 2726 Haec

306 2751 332 2787 3
364 2737 528 2788 imperii
543 2735 634 2775 ΑΡ
775 2736 802 2774 8
829 2734 1200 2774 amenissimamA
1363 2747 1413 2784 14
1442 2735 1562 2785 Coep.
1577 2734 1669 2773 ΑΡ
1772 2735 1921 2775 Habez

763 2797 809 2829 X?

254 2834 294 2872 Α
451 2845 498 2882 15
528 2845 757 2882 numquam
809 2831 931 2882 plura
951 2844 1077 2880 quam
1097 2832 1293 2882 propriae
1314 2832 1354 2870 A
1376 2845 1386 2870 ι
1415 2844 1642 2880 numquam
1664 2832 1703 2870 ῖς.
1726 2830 1848 2881 plura
1865 2831 1919 2883 P,

254 2901 350 2928 corr.
373 2888 515 2927 Aldus
681 2888 732 2925 16
760 2885 918 2935 ingenii
930 2884 1020 2924 ΑΡ
1117 2886 1284 2925 inscitia
1302 2886 1412 2925 AP:
1443 2884 1576 2925 inscia
1599 2886 1663 2924 B:
1693 2886 1918 2925 inscientia

254 2940 436 2980 Moebius
640 2952 691 2979 21
722 2941 880 2991 quippe
911 2952 997 2979 non
1026 2941 1264 2980 recusando
1295 2940 1555 2992 parenthesin
1580 2940 1678 2989 ficit
1720 2939 1913 2991 Thomas,

254 2996 544 3048 interpolatum
579 2999 695 3034 ratus
730 2999 788 3033 est
818 2992 990 3033 Nova'k:
1029 2995 1255 3045 quicquam
1296 3007 1437 3034 noxae
1475 2994 1701 3033 recusandi
1739 2994 1921 3045 Madmjg

251 3050 510 3100 probabiliter
679 3062 731 3089 22
760 3049 961 3099 perduxit
979 3048 1045 3088 P:
1074 3048 1276 3100 produxit
1294 3049 1336 3088 A
1450 3048 1638 3089 soeciales
1657 3061 1704 3088 ex
1723 3048 1917 3089 f&itiales

253 3105 295 3143 A
489 3116 541 3154 23
569 3109 816 3155 postergum
835 3103 878 3142 A

1063 3183 1114 3210 πο
