2014 3392
716 209 974 256 VELLEI
1015 209 1416 259 PATERCVLI

227 347 476 397 abscisum
513 350 766 411 latumque
802 350 866 397 ad
902 348 1274 397 Maroboduum
1310 358 1358 397 et
1393 348 1458 396 ab
1494 364 1554 397 eo
1591 347 1796 396 missum
1831 349 1896 397 ad

229 436 492 485 Caesarem
516 433 750 497 gentilicii
775 443 942 483 tamen
967 433 1143 482 tumuli
1168 435 1416 496 sepultura
1440 434 1738 481 honoratum
1763 442 1848 481 est.

111 523 204 560 120
298 515 403 569 His«
419 514 599 564 auditis
625 517 812 564 reuolat
836 516 901 563 ad
926 523 1115 577 patrem
1142 515 1324 564 Caesar
1339 532 1353 574 3
1377 522 1642 576 perpetuus
1661 523 1897 576 patronus

231 596 447 646 Romani
472 596 645 660 imperi
668 599 926 645 adsuetam
952 595 1045 645 sibi
1071 613 1269 645 causam
1303 594 1517 657 suscipit.
1591 594 1798 643 mittitur
1832 596 1897 643 ad
1987 655 1991 657 Β

229 678 560 738 Germaniam,
590 678 773 727 Gallias
811 680 1082 737 confirmat,
1118 676 1336 740 disponit
1369 675 1622 736 exercitus,
1657 676 1899 739 praesidia
1923 694 1944 734 5
1986 714 1998 738 3

228 760 388 809 munit
413 770 461 809 et
487 778 538 809 se
564 760 904 823 magnitudine
934 777 1034 819 sua,
1063 777 1165 808 non
1200 758 1383 808 fiducia
1418 757 1635 807 hostium
1672 758 1895 818 metiens,

228 841 313 904 qui
339 841 641 892 Cimbricam
666 841 1095 904 Teutonicamque
1120 840 1344 888 militiam
1371 839 1543 888 Italiae
1567 840 1895 899 minabantur,

182 938 202 965 2
227 924 355 972 ultro
383 924 619 971 Rhenum
644 939 759 971 cum
785 922 998 971 exercitu
1032 921 1393 984 transgreditur.
1466 939 1602 970 arma
1637 921 1782 970 infert
1818 921 1897 970 isti

228 1020 378 1067 quern
425 1002 639 1051 arcuisse
686 1012 824 1066 pater
870 1012 919 1051 et
965 1002 1121 1066 patria
1178 1002 1399 1051 contenti
1446 1012 1618 1063 erant3
1674 1012 1899 1066 penetrat
1992 1063 2011 1068 Ἴ

227 1083 443 1143 interius,
494 1083 649 1146 aperit
695 1082 889 1143 limites,
939 1092 1099 1132 uastat
1145 1100 1300 1146 agrOS‚
1350 1083 1446 1132 urit
1493 1085 1685 1143 domos,
1735 1083 1898 1132 fundit
1926 1072 2011 1132 1043

228 1164 405 1215 obuios
450 1164 765 1228 maximaque
812 1182 927 1214 cum
974 1165 1139 1228 gloria,
1189 1164 1427 1214 incolumi
1474 1165 1713 1225 omnium,
1771 1182 1897 1229 quos
1994 1154 2013 1167 '¹

181 1258 204 1296 3
229 1249 582 1307 transduxerat,
610 1264 818 1297 numero
842 1247 893 1296 in
918 1247 1125 1297 hiberna
1148 1247 1416 1297 reuertitur.
1473 1250 1706 1297 reddatur
1722 1265 1897 1297 uerum

229 1331 282 1377 L.
325 1328 589 1392 Asprenati
630 1329 983 1390 testimonium,
1025 1329 1111 1393 qui
1150 1331 1338 1393 legatus
1381 1330 1474 1378 sub
1514 1331 1764 1379 auunculo
1807 1346 1897 1378 suo

226 1413 359 1460 Varo
376 1410 590 1459 militans
605 1428 767 1474 gnaua
785 1411 1012 1475 uirilique
1028 1429 1178 1475 opera
1202 1414 1411 1461 duarum
1430 1412 1695 1475 legionum,
1715 1412 1894 1476 quibus

225 1501 458 1555 praeerat,
519 1491 786 1541 exercitum
845 1492 1102 1542 inmunem
1162 1502 1298 1542 tanta
1349 1493 1626 1542 calamitate
1682 1494 1896 1543 seruauit
1923 1512 1995 1553 15

226 1581 515 1635 matureque
553 1574 625 1643 ad>
656 1572 885 1623 inferiora
922 1573 1130 1623 hiberna
1165 1576 1519 1624 descendendo
1558 1574 1896 1624 uacillantium

224 1653 370 1704 etiarn
422 1653 490 1703 cis
539 1656 775 1704 Rhenum
818 1655 1018 1704 sitarum
1060 1656 1281 1719 gentium
1327 1656 1520 1705 animos
1567 1655 1891 1705 confirmauit.

226 1744 340 1783 sunt
365 1744 545 1795 tamen,
573 1735 659 1798 qui
683 1745 737 1784 ut
773 1736 917 1785 uiuos
952 1737 1017 1785 ab
1053 1754 1113 1786 eo
1150 1736 1442 1797 uindicatos,
1470 1736 1538 1786 ita
1566 1736 1895 1800 iugulatorum

226 1816 320 1864 sub
356 1818 488 1864 Varo
527 1827 769 1880 occupata
806 1817 1104 1867 crediderint
1139 1818 1435 1881 patrimonia
1471 1817 1896 1881 hereditatemque

178 1918 202 1954 4
227 1897 378 1946 occisi
419 1898 671 1959 exercitus,
716 1899 766 1948 in
808 1909 1050 1963 quantum
1091 1900 1316 1960 uoluerit,
1356 1901 1421 1949 ab
1462 1917 1523 1949 eo
1563 1899 1762 1948 aditam.
1838 1902 1891 1948 L.
1922 1920 2006 1947 20.

227 1979 374 2029 etiam
435 1980 639 2030 Caedici
697 1981 930 2046 praefecti
989 1992 1258 2032 castrorum
1318 1999 1603 2046 eorumque,
1653 1981 1739 2045 qui
1796 1999 1897 2031 una

226 2060 515 2110 circumdati
563 2062 768 2112 Alisone
815 2063 1052 2113 inmensis
1093 2066 1453 2114 Germanorum
1501 2063 1656 2128 copiis
1704 2063 1898 2113 obside-

226 2144 417 2204 bantur,
467 2146 718 2194 laudanda
764 2146 918 2195 uirtus
966 2156 1053 2206 est,
1103 2146 1189 2210 qui
1237 2147 1469 2196 omnibus
1525 2146 1894 2196 difficultatibus

226 2225 477 2289 superatis,
529 2243 650 2290 quas
710 2227 877 2291 inopia
935 2245 1096 2277 rerum
1154 2228 1488 2288 intolerabilis,
1542 2228 1617 2277 uis
1677 2227 1894 2277 hostium

283 2368 301 2393 1
334 2355 565 2395 abscissum
584 2356 626 2395 A
715 2358 1019 2397 Meroboduum
1040 2358 1082 2397 A
1195 2373 1220 2398 2
1250 2359 1446 2409 gentilitii
1466 2359 1556 2397 ΑΡ
1662 2372 1687 2409 3
1719 2359 1801 2399 His
1822 2374 1894 2399 au-

225 2410 322 2448 ditis
343 2440 353 2449 .
376 2440 386 2450 .
413 2439 423 2449 .
447 2411 692 2463 reuertitur]
715 2414 1000 2463 trans-ponebat
1018 2413 1164 2452 Haase
1174 2419 1272 2465 post
1292 2427 1382 2455 120.
1401 2415 1428 2451 6
1447 2414 1656 2464 profluuio
1677 2414 1896 2464 expiraret

223 2478 248 2514 4
278 2465 443 2514 imperii
481 2464 571 2502 ΑΡ
732 2469 758 2505 6
787 2473 830 2507 et
848 2467 890 2505 A
912 2483 921 2506 ε
969 2482 1049 2507 om.
1082 2467 1148 2507 P:
1190 2475 1232 2507 et
1270 2468 1413 2518 Burer,
1450 2469 1529 2519 sed,
1565 2473 1612 2507 ut
1641 2468 1810 2519 mdetur,
1848 2482 1898 2507 ex

223 2520 460 2568 coniectura,
475 2533 559 2557 non
579 2525 797 2571 tamquam
818 2522 859 2560 in
881 2521 1143 2561 Murbacensi
1156 2524 1300 2561 lectum
1457 2523 1644 2562 hostium
1664 2522 1752 2560 ΑΡ
1763 2537 1771 2562 :
1807 2536 1894 2564 om.

222 2573 382 2613 Burer:
404 2575 538 2612 hostis
558 2574 710 2626 Haupt
818 2578 1029 2616 mentiens
1049 2576 1136 2626 del,
1155 2578 1244 2616 dein
1261 2578 1440 2616 metiens
1453 2578 1495 2616 A
1610 2590 1632 2627 7
1654 2578 1895 2616 minabatur

223 2627 306 2666 BA
328 2643 337 2667 ε
368 2628 640 2668 minabantur
657 2629 700 2667 P
834 2633 859 2670 8
890 2631 997 2670 ultro
1024 2631 1066 2669 A
1098 2636 1135 2669 et
1157 2633 1213 2670 sic
1235 2646 1284 2670 ex
1301 2633 1395 2672 coni.
1421 2632 1694 2672 Freinsheim:
1726 2632 1837 2671 ultra
1855 2632 1899 2670 P

224 2696 340 2721 arma
361 2683 571 2722 interfecti
591 2697 687 2733 quae
708 2686 899 2734 arguisse
918 2686 1026 2727 AP:
1059 2700 1095 2725 a.
1119 2687 1247 2726 insert
1268 2686 1457 2737 Lipsius:
1480 2687 1608 2725 infert
1627 2686 1739 2725 hosti
1766 2685 1893 2726 Voss:

224 2738 250 2776 i.
274 2738 391 2786 genti
411 2737 643 2778 Ruhnken:
674 2740 700 2779 i.
731 2741 800 2779 isti
826 2740 956 2778 Bothe
1065 2754 1091 2790 9
1120 2754 1246 2790 quem
1279 2741 1380 2779 Voss
1404 2746 1442 2779 et
1465 2741 1596 2779 Bothe
1704 2742 1893 2780 arcuisse

225 2804 392 2855 Lipsius
467 2799 550 2856 ”p‘i‘t
570 2807 659 2855 (sed
674 2807 906 2855 inductum)
921 2812 1014 2847 ante
1025 2814 1147 2858 pater
1166 2809 1208 2847 A
1289 2808 1556 2859 penetratiA
1673 2821 1718 2846 11
1743 2809 1892 2848 obuios

224 2859 285 2899 P:
332 2861 482 2900 obulos
511 2861 594 2899 BA
791 2875 839 2912 13
869 2863 1100 2913 Aspernati
1127 2863 1169 2901 A
1358 2876 1406 2912 14
1436 2876 1576 2913 gnaua
1609 2862 1682 2902 A:
1712 2876 1821 2902 naua
1854 2863 1898 2901 P

230 2926 277 2962 15
308 2921 478 2963 preerat
497 2915 539 2953 Α
651 2916 763 2957 imm.
786 2917 875 2955 AP
983 2930 1031 2966 17
1063 2918 1218 2956 Rheno
1233 2917 1345 2956 AP:
1370 2931 1474 2956 num
1491 2917 1891 2958 cisrhenositarum‘ss

227 2973 273 3006 ut
290 2970 556 3019 compositum
568 2970 681 3018 fieret
846 2984 901 3010 20
931 2972 1058 3010 occisi
1079 2972 1121 3011 A
1143 2987 1152 3011 :
1182 2973 1313 3011 excisi
1333 2972 1376 3010 P
1525 2971 1704 3010 ualuerit
1724 2971 1894 3022 Lipsius

226 3035 275 3060 21
295 3023 476 3062 Caeditii
495 3024 537 3062 A
557 3038 565 3063 :
588 3025 774 3064 Caedicii
797 3025 840 3064 P
946 3039 999 3065 22
1020 3027 1253 3065 circundati
1272 3027 1314 3064 A
1387 3026 1567 3065 Alisone
1579 3025 1837 3065 Rhenanus:
1866 3040 1891 3065 a

224 3076 363 3116 lisone
381 3078 422 3115 A
447 3092 456 3118 z
486 3092 511 3117 a
530 3078 714 3119 *Lisone
734 3079 776 3118 P
880 3081 1060 3120 {mensis
1080 3081 1122 3119 A
1139 3096 1148 3121 z
1177 3082 1288 3121 imm.
1305 3081 1347 3119 P
1453 3094 1506 3130 24
1535 3079 1825 3119 intollerabilis
1844 3080 1887 3119 A

1012 3156 1087 3195 132
