2014 3392
800 254 1017 303 LIBER
1054 255 1110 303 ΙΙ

44 436 46 438 ,
130 409 245 443 cum
270 391 495 457 protinus
518 409 579 442 ex
596 391 775 442 uicinis
793 391 1073 457 legionibus
1092 390 1407 441 centuriones
1426 407 1567 441 suam
1587 406 1808 440 suorum·
1831 405 1854 447 5

130 491 230 539 que
253 474 465 524 militum
490 490 693 538 operam
714 472 761 523 ei
783 473 1134 537 pollicerentur
1156 488 1321 536 neque
1340 489 1451 522 eam
1476 472 1807 535 spernendam

131 555 445 606 Saluidienus
480 567 530 605 et
565 555 786 620 Agrippa
814 555 1051 615 dicerent,
1082 554 1165 604 ille
1199 554 1438 604 festinans
1469 553 1728 617 peruenire
1756 552 1809 601 in

15 693 22 704 ¹
132 637 307 687 urbem
323 652 527 687 omnem
546 636 910 686 ordinationem
935 645 985 686 et
1008 635 1145 685 necis
1169 644 1219 685 et
1250 634 1534 685 testamenti
1559 633 1808 684 Brundisii

19 726 25 753 ³
58 736 109 778 *5
133 717 387 782 comperit.
438 718 519 767 cui
534 717 826 767 aduentanti
844 720 1061 768 Romam
1076 717 1290 767 inmanis
1305 716 1579 767 amicorum
1599 715 1811 766 occurrit
1833 723 1859 765 6

132 800 423 864 frequentia,
440 810 489 850 et
508 816 623 850 cum
638 800 840 850 intraret
854 801 1045 861 urbem,
1066 799 1184 850 solis
1209 799 1343 850 orbis
1367 816 1515 863 super
1531 807 1680 862 caput
1705 798 1811 847 eius

134 892 366 932 curuatus
402 881 672 946 aequaliter
699 884 1094 947 rotundatusque
1121 882 1174 932 in
1202 886 1232 932 †
1248 884 1467 932 colorem
1494 897 1637 930 arcus
1672 882 1810 930 uelut

134 979 370 1013 coronam
395 963 519 1012 tanti
543 979 659 1013 mox
682 963 775 1013 uiri
798 963 948 1028 capiti
971 963 1235 1028 imponens
1259 972 1556 1028 conspectus
1581 971 1668 1012 est.

203 1047 322 1095 Non
337 1045 566 1109 placebat
581 1044 727 1095 Atiae
742 1044 884 1094 matri
900 1044 1233 1110 Philippoque
1247 1044 1423 1094 uitrico
1437 1043 1562 1094 adiri
1583 1045 1806 1102 †nomen
1830 1048 1904 1096 60

61 1148 117 1180 xo
135 1126 413 1178 inuidiosae
453 1128 680 1177 fortunae
720 1126 960 1188 CaesariS‚
1004 1129 1092 1177 sed
1133 1127 1430 1177 adserebant
1471 1124 1701 1176 salutaria
1739 1124 1810 1174 rei

135 1209 366 1275 publicae
394 1219 732 1274 terrarumque
756 1209 890 1260 orbis
921 1211 1022 1259 fata
1052 1209 1364 1260 conditorem
1393 1218 1813 1259 conseruatorem-

137 1307 237 1356 que
292 1290 511 1340 Romani
565 1290 795 1341 nominis.
891 1290 1077 1355 spreuit
1130 1291 1298 1356 itaque
1344 1289 1568 1340 caelestis
1617 1288 1814 1338 animus
1840 1304 1871 1333 2.

138 1374 359 1422 humana
381 1371 589 1422 consilia
619 1382 669 1422 et
700 1389 815 1422 cum
845 1372 1066 1436 periculo
1097 1371 1263 1436 potius
1292 1388 1489 1421 summa
1520 1387 1672 1434 quam
1705 1378 1814 1419 tuto

139 1452 348 1503 humilia
380 1452 638 1517 proposuit
673 1453 815 1518 sequi
846 1453 1120 1518 maluitque
1154 1454 1406 1503 auunculo
1435 1462 1485 1502 et
1518 1450 1718 1503 Caesari
1750 1452 1816 1500 de

66 1557 118 1602 ¹5
140 1553 196 1587 se
229 1552 383 1600 quam
418 1534 595 1586 uitrico
629 1537 844 1597 credere,
882 1535 1114 1586 dictitans
1149 1537 1288 1586 nefas
1323 1552 1446 1596 esse,
1481 1551 1583 1599 quo
1611 1533 1816 1583 nomine

141 1617 342 1670 Caesari
366 1616 547 1681 dignus
581 1627 711 1667 esset
742 1617 892 1678 uisus,
919 1617 1119 1668 sibimet
1146 1617 1311 1682 ipsum
1346 1616 1608 1681 indignum
1640 1615 1812 1665 uideri.

141 1700 278 1748 hunc
316 1697 542 1762 protinus
582 1698 834 1749 Antonius
868 1701 1045 1749 consul
1079 1700 1292 1763 superbe
1327 1698 1519 1762 excepit
1556 1697 1742 1764 (neque
1776 1697 1818 1747 is
1843 1713 1866 1753 3

142 1790 245 1830 erat
269 1789 601 1843 contemptus,
627 1781 718 1830 sed
742 1780 926 1846 metus)
951 1781 1134 1846 uixque
1156 1780 1377 1831 admisso
1406 1780 1458 1829 in
1483 1779 1818 1843 Pompeianos

142 1862 314 1911 hortos
359 1861 599 1925 loquendi
646 1878 817 1912 secum
865 1872 1062 1927 tempus
1108 1862 1262 1923 dedit,
1311 1879 1430 1912 mox
1480 1860 1629 1911 etiam
1681 1863 1819 1911 uelut

32 1935 36 1979 ³·
92 1971 113 1982 =·
142 1941 334 1992 insidiis
391 1942 499 1993 eius
555 1943 739 2007 petitus
790 1946 998 1995 sceleste
1047 1944 1332 1995 insimulare
1383 1942 1562 2007 coepit,
1611 1942 1663 1992 in
1716 1959 1818 2007 quo

142 2023 348 2088 turpiter
387 2025 631 2089 deprensa
670 2025 777 2076 eius
819 2026 1011 2076 uanitas
1046 2035 1134 2076 est.
1206 2035 1374 2090 aperte
1410 2024 1595 2075 deinde
1627 2023 1819 2074 Antoni
1841 2042 1867 2081 4

141 2122 202 2156 ac
227 2105 520 2156 Dolabellae
543 2109 806 2157 consulum
835 2109 901 2158 ad
933 2109 1201 2158 nefandam
1229 2106 1625 2158 dominationem
1658 2105 1819 2170 erupit

143 2189 289 2238 furor.
362 2188 640 2239 sestertium
669 2189 887 2254 septiens
915 2189 1125 2252 milienS,
1151 2189 1436 2254 depositum
1464 2206 1495 2238 a
1519 2190 1576 2240 C.
1606 2189 1819 2240 Caesare

142 2269 209 2320 ad
242 2270 420 2320 aedem
451 2269 590 2334 Opis,
621 2281 920 2335 occupatum
954 2272 1022 2322 ab
1056 2270 1295 2332 Antonio,
1331 2280 1556 2321 actorum
1592 2269 1816 2320 eiusdem

202 2411 222 2440 ι
253 2411 376 2440 suam
398 2400 608 2443 Gelenn'ust
637 2414 738 2442 suas
754 2401 847 2442 ΑΡ
1033 2415 1059 2443 2
1088 2401 1344 2454 pollicentur
1362 2399 1448 2440 BA
1467 2415 1478 2441 ε
1512 2400 1820 2452 pollicerentur

146 2452 197 2502 Ρ,
229 2454 358 2506 mdo,
390 2468 443 2495 ex
471 2456 627 2497 mnd.
661 2455 861 2497 Rhenum·
1047 2470 1074 2508 4
1103 2457 1299 2498 ordinem
1319 2469 1370 2497 ac
1391 2456 1600 2496 rationem
1620 2455 1821 2495 Muncker

72 2528 74 2530 v
147 2507 379 2550 Brundusii
411 2509 525 2616 AP7
676 2513 706 2551 6
732 2517 777 2552 et
808 2524 904 2552 cum
929 2511 1112 2553 intraret·
1128 2512 1277 2552 urbem
1304 2524 1389 2552 om.
1417 2511 1460 2550 in
1489 2514 1615 2559 textu,
1645 2509 1740 2551 add.
1772 2510 1816 2550 in

146 2576 281 2617 marg.
290 2564 447 2660 ὅσον
502 2566 751 2661 7run¹lssatus
772 2566 820 2607 G.
838 2566 898 2608 A.
919 2567 1064 2662 llige-lh·
1074 2567 1279 2664 radiatisis
1304 2565 1496 2662 erzlm
1588 2565 1633 2604 in
1655 2577 1818 2605 morem

147 2673 309 2715 moriae
322 2620 628 2727 ρτοάξιιίιΐηᾙξ
641 2634 819 2741 ςεξιάἰο
838 2676 985 2717 urbem
997 2621 1359 2742 diiiiis‘tzuguzus
1371 2619 1602 2727 Apoffgnia
1617 2631 1819 2715 ζευῐετξιῗε

146 2727 332 2775 intrauit,
366 2730 477 2770 circa
505 2730 639 2771 solem
684 2731 822 2772 uisum
857 2731 1014 2773 coloris
1054 2731 1161 2773 uarii
1193 2730 1410 2782 circulum,
1451 2730 1588 2781 qualis
1630 2741 1727 2770 esse
1771 2729 1816 2769 in

145 2795 247 2823 mu
277 2783 421 2825 solet.
459 2785 760 2827 uenicolorem
793 2799 938 2827 arcum
963 2786 1091 2827 Hm!
1219 2786 1247 2826 8
1276 2786 1352 2837 inp
1354 2784 1428 2827 ,A
1558 2797 1609 2824 10
1635 2783 1817 2824 inuidio-

146 2849 240 2879 sum
277 2837 445 2880 Seram
554 2853 604 2881 ιο
630 2841 808 2893 spreuit
825 2840 870 2882 A
987 2852 1037 2893 15
1065 2841 1219 2883 cedere
1236 2798 1352 2890 AF',p
1356 2853 1438 2881 em,
1456 2838 1646 2880 Gelenius
1767 2840 1818 2879 16

146 2933 317 2975 n'bimet
350 2933 526 2977 ναίεσκε
546 2941 584 2977 e!
600 2935 772 2990 Bentley
787 2944 964 2979 :semet
992 2936 1086 2979 ΑΡ
1189 2872 1412 2989 indigrium
1433 2936 1570 2977 uideri
1587 2934 1629 2976 A
1647 2934 1822 2976 Retn'nus'

146 2987 333 3030 ordinm
352 2991 520 3043 qussuit
538 2998 634 3032 ante
648 2951 822 3046 scriptcis
837 2995 869 3037 Β
887 3007 915 3033 a
934 2993 1278 3045 lma-as,qu11›us
1302 2991 1592 3033 tumendum
1615 3004 1712 3032 eum
1734 3004 1818 3031 esu

146 3042 397 3096 u'gns'ficaeun'!
413 3045 647 3086 Amerbacl·
772 3047 908 3089 uideri
937 3023 1160 3100 indigniim
1179 3046 1224 3087 Ρ
1327 3059 1375 3098 ῐ7
1405 3046 1605 3088 COSA:
1634 3045 1762 3087 COS.
1777 3044 1822 3085 P

147 3097 308 3150 excipit
324 3098 423 3149 ΑΡ,
446 3114 523 3142 em.
546 3099 720 3142 ambus
936 3115 985 3143 οι
1018 3102 1291 3155 deprehensa
1309 3099 1401 3142 ΑΡ
1533 3099 1712 3142 Antonii
1730 3098 1821 3141 ΑΡ

148 3163 203 3204 93
229 3155 475 3197 :mettium
495 3156 691 3208 septiens
707 3156 783 3199 A:
812 3156 917 3199 8-ss
939 3158 1103 3209 septies
1121 3155 1165 3198 Ρ
1270 3156 1408 3198 milies
1425 3154 1517 3197 ΑΡ

958 3231 1008 3277 77
