2014 3392
708 195 968 242 VELLEI
1005 192 1408 244 PATERCVLI

223 332 399 397 imperi
430 332 512 382 uix
547 332 598 382 in
634 332 718 383 illo
753 332 883 383 iusto
919 312 1068 397 opere
1103 333 1304 383 abunde
1339 332 1569 397 persequi
1603 331 1888 396 poterimus,

177 430 199 470 5
223 417 411 464 nedum
474 414 556 464 hic
621 414 825 478 implere
892 423 1204 478 temptemus.
1299 415 1420 463 satis
1476 415 1571 462 erit
1625 413 1677 463 id
1734 430 1891 462 unum

224 495 404 544 dixisse
439 512 589 559 quam
629 518 652 541 κε
692 513 716 540 *
754 494 835 544 ille
871 494 1105 544 omnibus
1141 494 1297 543 fuerit.
1385 504 1491 543 tum
1532 492 1720 543 refulsit
1761 502 1894 542 certa

222 593 334 640 spes
379 564 662 633 liberorum⁴
694 576 994 640 parentibus,
1032 575 1149 625 uiris
1196 575 1636 635 matrimoniorum,
1675 574 1892 624 dominis

222 656 501 720 patrimoni,
537 656 770 706 omnibus
809 655 1096 706 hominibus
1135 656 1318 717 salutis,
1354 655 1547 720 quietis,
1579 655 1728 719 pacis,
1768 665 1893 704 tran·
1922 671 1937 680 ·

222 737 488 801 quillitatis,
527 740 654 787 adeo
695 747 750 786 ut
791 754 884 786 nec
919 739 1030 801 plus
1073 736 1254 801 sperari
1290 736 1503 801 potuerit
1544 754 1638 785 nec
1679 735 1784 800 spei
1825 753 1894 785 re-

224 818 459 882 sponderi
483 817 686 867 felicius.
964 883 967 887 ἱ
1786 821 1790 828 “

107 910 201 958 104
291 901 572 962 Adoptatus
619 900 795 947 eadem
843 897 925 947 die
983 897 1131 947 etiam
1181 899 1251 946 M.
1302 897 1534 962 Agrippa,
1584 915 1734 962 quem
1781 907 1895 962 post

224 989 432 1029 mortem
458 979 707 1043 Agrippae
732 978 859 1027 Iulia
883 978 1025 1027 enixa
1049 988 1164 1039 erat,
1192 981 1280 1029 sed
1305 979 1356 1027 in
1382 978 1595 1028 Neronis
1623 979 1895 1042 adoptione

222 1060 344 1110 illud
385 1060 635 1110 adiectum
677 1059 752 1109 his
794 1059 912 1123 ipsis
952 1059 1176 1110 Caesaris
1217 1059 1410 1110 uerbis:
1460 1062 1571 1120 hoc,
1611 1059 1784 1123 inquit,
1826 1059 1895 1109 rei
2011 1123 2013 1126 v

177 1164 196 1191 2
222 1142 451 1206 publicae
510 1159 658 1191 causa
714 1140 855 1190 facio.
952 1158 1054 1190 non
1102 1141 1188 1191 diu
1235 1140 1487 1191 uindicem
1534 1143 1894 1204 custodemque
1971 1151 1974 1155 '
2011 1172 2013 1181 x

221 1223 396 1287 imperi
438 1223 513 1272 sui
550 1232 740 1272 morata
780 1222 830 1271 in
869 1223 991 1272 urbe
1028 1222 1185 1286 patria
1221 1222 1444 1286 protinus
1485 1222 1537 1271 in
1576 1222 1894 1272 Germaniam

221 1305 367 1365 misit,
406 1304 492 1353 ubi
526 1314 642 1353 ante
677 1303 943 1354 triennium
980 1304 1072 1353 sub
1111 1306 1181 1352 M.
1213 1303 1426 1364 Vinicio,
1464 1320 1561 1353 auo
1597 1313 1698 1364 tuo,
1737 1304 1896 1355 claris-

221 1385 348 1435 simo
396 1385 516 1446 uiro,
567 1385 849 1434 inmensum
897 1394 1138 1434 exarserat
1173 1385 1373 1434 bellum.
1464 1394 1566 1434 erat
1605 1393 1629 1433 †
1650 1394 1698 1434 et
1733 1386 1797 1435 ab
1833 1402 1894 1435 eo

221 1467 521 1531 quibusdam
546 1466 597 1515 in
622 1466 744 1516 locis
768 1476 975 1530 gestum,
997 1466 1296 1530 quibusdam
1322 1475 1649 1516 sustentatum
1674 1466 1892 1528 feliciter,

222 1565 383 1612 eoque
430 1547 633 1597 nomine
680 1550 878 1598 decreta
919 1548 964 1598 ei
1012 1566 1126 1597 cum
1169 1547 1531 1611 speciosissima
1576 1547 1895 1612 inscriptione

173 1647 197 1684 3
222 1646 429 1692 operum
463 1639 754 1678 ornamenta
785 1628 1110 1692 triumphalia.
1184 1631 1282 1678 hoc
1314 1638 1510 1692 tempus
1539 1646 1634 1689 me,
1668 1631 1894 1679 functum

220 1719 337 1759 ante
362 1709 626 1769 tribunatu,
655 1719 925 1758 castrorum
950 1708 1025 1758 Ti.
1050 1709 1273 1760 Caesaris
1299 1709 1505 1758 militem
1530 1709 1646 1760 fecit
1664 1729 1674 1759 z
1692 1701 1694 1703 ¹
1711 1709 1896 1774 quippe

221 1790 444 1855 protinus
480 1791 544 1839 ab
583 1790 853 1854 adoptione
891 1790 1069 1840 missus
1108 1808 1222 1840 cum
1261 1807 1322 1840 eo
1359 1792 1634 1854 praefectus
1670 1791 1894 1855 equiturn

222 1871 272 1920 in
299 1871 631 1932 Germaniam,
659 1889 914 1921 successor
938 1871 1086 1921 officii
1110 1870 1259 1935 patris
1291 1870 1403 1931 mei,
1431 1871 1893 1922 caelestissimorum

222 1953 326 2002 eius
351 1970 557 2016 operum
577 1970 664 2016 per
681 1970 839 2003 annos
860 1953 1124 2003 continuos
1152 1955 1290 2010 †vn1
1312 1955 1586 2016 praefectus
1605 1963 1690 2003 aut
1707 1956 1895 2018 legatus

222 2044 480 2098 spectator,
525 2044 630 2083 tum
673 2052 762 2098 pro
805 2045 952 2099 captu
999 2034 1352 2084 mediocritatis
1394 2052 1535 2084 meae
1575 2035 1770 2086 adiutor
1810 2035 1892 2085 fui.

222 2132 386 2178 neque
410 2115 479 2163 illi
505 2117 803 2178 spectaculo,
832 2132 933 2179 quo
957 2117 1144 2164 fructus
1170 2133 1293 2176 sum,
1322 2115 1480 2164 simile
1513 2115 1743 2166 condicio
1773 2135 1898 2172 mor-

221 2196 331 2246 talis
373 2196 588 2260 recipere
630 2196 826 2246 uidetur
863 2197 999 2258 mihi,
1039 2214 1152 2246 cum
1195 2214 1283 2260 per
1318 2197 1687 2247 celeberrimam
1726 2199 1897 2249 Italiae

280 2338 298 2363 1
331 2325 497 2375 imperii
526 2324 617 2363 ΑΡ
804 2339 829 2363 2
859 2326 928 2365 hic
966 2325 1174 2366 Gelenius:
1219 2326 1318 2366 hine
1349 2326 1440 2365 ΑΡ
1563 2333 1820 2378 temptemus
1854 2330 1897 2370 id

224 2379 459 2430 (tentemus
479 2395 486 2419 :
518 2380 584 2418 *id
605 2379 662 2422 P)
683 2393 814 2419 unum
835 2381 995 2420 dixisse
1014 2394 1141 2431 quam
1162 2381 1231 2420 ille
1261 2381 1454 2420 omnibus
1475 2381 1602 2421 fuerit
1621 2382 1712 2421 ΑΡ
1870 2398 1897 2436 3

222 2435 411 2473 contenti
433 2438 530 2486 post
560 2434 735 2483 dixisse,
766 2448 890 2474 carus
921 2440 1019 2486 post
1055 2435 1124 2474 ille
1153 2436 1400 2486 Rhenanus,
1440 2436 1555 2475 iuuat
1587 2442 1685 2488 post
1721 2438 1892 2488 dixisse,

222 2502 347 2528 carus
368 2494 466 2540 post
493 2489 619 2528 fuerit
648 2488 787 2527 Burer
813 2490 1040 2529 addebant:
1079 2490 1120 2528 id
1142 2504 1181 2529 u.
1206 2490 1291 2529 dix.
1313 2496 1380 2530 sat
1409 2496 1474 2529 est
1502 2504 1627 2541 quam
1657 2493 1686 2532 i.
1709 2505 1747 2532 ο.
1770 2493 1897 2534 fuerit

223 2557 346 2583 carus
367 2543 584 2594 (dilectus)
607 2542 795 2582 Laurent
929 2558 1055 2594 quarn
1078 2545 1241 2583 faustus
1261 2544 1423 2586 Halm:
1454 2558 1580 2595 quam
1602 2546 1703 2585 felix
1721 2546 1895 2590 Nova'k:

223 2598 372 2648 quanti
385 2605 465 2649 pro
484 2611 609 2648 quam
630 2598 870 2647 Rosenheyn
1022 2611 1047 2648 5
1077 2599 1317 2649 patrimonii
1338 2599 1429 2638 ΑΡ
1577 2602 1604 2639 6
1633 2603 1897 2651 respondere

222 2653 382 2695 felitius
400 2652 443 2690 A
587 2652 613 2691 8
641 2653 869 2702 adoptatus
890 2666 970 2694 om.
995 2653 1037 2691 A
1153 2654 1304 2693 eodem
1324 2654 1486 2693 Krause
1651 2667 1700 2694 12
1730 2657 1896 2707 imperii

222 2707 313 2745 ΑΡ
495 2720 544 2757 13
573 2707 644 2745 ubi
678 2706 744 2746 P:
773 2708 834 2746 uti
854 2708 896 2745 A
1029 2708 1288 2747 tricennium
1307 2707 1415 2747 Boot
1599 2722 1648 2760 14
1677 2710 1789 2751 imm.
1812 2711 1902 2750 ΑΡ

222 2762 264 2799 id
285 2761 454 2812 Lipsius
612 2763 662 2800 16
691 2762 729 2800 ei
749 2761 814 2800 P:
845 2765 884 2801 &
905 2762 948 2800 A
1114 2764 1165 2801 18
1194 2763 1408 2802 tribunatu
1421 2764 1543 2814 prius
1560 2763 1603 2802 A
1718 2765 1810 2805 Tib.
1830 2766 1897 2806 P:

222 2815 272 2855 T.
293 2816 335 2854 A
510 2829 559 2866 19
579 2825 613 2853 et
632 2829 681 2854 21
705 2817 811 2867 pref.
832 2815 874 2854 A
1043 2830 1096 2856 20
1123 2818 1210 2856 mei
1230 2818 1359 2868 patris
1379 2817 1462 2857 mei
1481 2818 1524 2856 A
1549 2818 1635 2871 (sic)
1749 2820 1827 2859 cel.
1850 2821 1894 2859 A

223 2896 272 2921 21
296 2883 434 2922 v111A
455 2898 465 2923 ε
495 2879 604 2924 ffi
629 2884 673 2923 P
844 2897 896 2923 22
925 2890 1154 2935 spectator,
1187 2891 1275 2924 tum
1309 2886 1517 2925 Thomas:
1557 2892 1795 2936 spectatum
1823 2887 1866 2926 A
1887 2902 1897 2927 ε

222 2943 440 2987 spectatus
460 2938 512 2987 P,
543 2939 657 2989 quod
668 2940 837 2989 frustra
868 2939 1093 2978 uzndzcauit
1117 2939 1329 2980 Laurent:
1366 2945 1582 2990 spectator
1611 2947 1653 2980 et
1686 2940 1898 2981 Gelenius:

222 3004 286 3041 sp.
317 2998 388 3031 aut
420 2993 593 3032 Cludius
702 3007 795 3033 mae
825 2993 918 3046 del„
948 2993 1037 3033 dein
1066 3000 1267 3045 suprascr.
1301 3007 1422 3034 meae
1444 2994 1486 3032 A
1656 3008 1708 3046 23
1737 2997 1897 3036 fructus

224 3046 292 3086 Bt
326 3047 480 3086 fruitus
499 3047 566 3088 P:
594 3048 762 3088 functus
781 3048 824 3087 A

1019 3124 1036 3152 1
1048 3124 1099 3164 14
