2014 3392
697 210 954 258 VELLEI
993 209 1393 258 PATERCVLI

220 347 390 411 populi
424 346 670 397 Romani:
707 346 894 410 Assyrii
929 345 1175 410 principes
1209 344 1434 395 omnium
1466 345 1688 408 gentium
1721 362 1882 394 rerum

218 429 361 492 potiti
386 438 513 489 sunt,
541 428 724 478 deinde
751 427 906 487 Medi,
933 436 1107 491 postea
1132 429 1323 486 Persae,
1343 426 1526 475 deinde
1544 428 1851 475 Macedones
1870 445 1883 486 3

219 511 397 561 exinde
433 511 629 560 duobus
666 509 861 573 regibus
899 508 1130 572 Philippo
1166 516 1215 557 et
1247 507 1513 567 Antiocho,
1550 507 1636 571 qui
1664 525 1694 556 a
1719 510 1885 556 Mace-

219 591 435 642 donibus
472 591 668 641 oriundi
703 600 854 651 erant,
882 591 1017 639 haud
1053 591 1210 639 multo
1243 598 1356 653 post
1386 589 1737 652 Carthaginem
1774 589 1885 638 sub-

218 682 380 722 actam
417 673 626 723 deuictis
662 689 857 722 summa
892 670 1066 734 imperi
1097 672 1162 720 ad
1194 672 1436 734 populum
1462 673 1750 720 Romanum
1782 687 1886 733 per-
1909 693 1930 732 5

219 754 368 803 uenit.
442 754 567 803 inter
595 755 692 803 hoc
721 762 917 816 tempus
947 761 996 801 et
1025 751 1220 800 initium
1250 751 1374 814 regis
1406 751 1527 800 Nini
1556 751 1883 815 Assyriorum,

220 835 305 899 qui
329 835 557 899 princeps
582 853 744 884 rerum
768 834 968 898 potitus,
995 833 1237 882 intersunt
1261 832 1379 881 anni
1405 831 1754 899 MDccccxcv.]
2012 888 2014 892 Α

168 932 197 980 7
290 917 455 966 Huius
488 916 723 980 temporis
755 915 974 979 aequalis
1000 914 1257 963 Hesiodus
1290 914 1395 974 fuit,
1423 914 1553 963 circa
1587 929 1694 963 cxx
1727 930 1886 962 annos
2011 925 2014 976 i

220 998 479 1048 distinctus
526 999 590 1047 ab
639 997 853 1047 Homeri
897 1005 1071 1056 aetate,
1120 995 1196 1044 uir
1241 995 1565 1058 perelegantis
1624 995 1791 1058 ingeni
1839 1004 1887 1043 et
2012 990 2014 1003 '

222 1078 510 1128 mollissima
533 1078 799 1128 dulcedine
827 1076 1102 1126 carminum
1135 1076 1484 1136 memorabilis,
1513 1076 1583 1125 oti
1607 1076 1887 1139 quietisque
1917 1096 1963 1123 10
2006 1098 2007 1102 ¹

221 1160 583 1224 cupidissimus,
623 1170 676 1209 ut
712 1170 935 1223 tempore
970 1167 1109 1207 tanto
1144 1157 1265 1217 uiro,
1300 1157 1368 1206 ita
1403 1157 1564 1221 operis
1599 1157 1889 1207 auctoritate
2006 1148 2014 1230 ,J

221 1242 484 1305 proximus.
558 1241 644 1305 qui
678 1240 867 1301 uitauit,
898 1256 963 1288 ne
994 1239 1046 1287 in
1082 1238 1134 1288 id
1170 1240 1308 1302 quod
1343 1241 1597 1288 Homerus
1632 1239 1885 1298 incideret,
2000 1231 2014 1432 1

221 1323 528 1387 patriamque
553 1332 601 1372 et
632 1331 860 1386 parentes
893 1330 1098 1370 testatus
1131 1329 1218 1380 est,
1247 1321 1336 1369 sed
1367 1320 1589 1383 patriam,
1617 1320 1733 1383 quia
1769 1322 1890 1369 mul-

178 1420 195 1445 2
222 1414 349 1454 tatus
374 1405 438 1454 ab
463 1422 522 1454 ea
546 1413 661 1464 erat,
679 1395 1191 1453 contumeliosissime.
1254 1403 1376 1451 dum
1401 1401 1453 1450 in
1478 1401 1688 1451 externis
1709 1419 1886 1462 moror,

222 1486 375 1536 incidi
416 1486 468 1535 in
508 1503 613 1535 rem
655 1484 981 1534 domesticam
1023 1483 1324 1547 maximique
1365 1483 1537 1532 erroris
1587 1493 1636 1532 et
1678 1485 1888 1532 multum
1920 1505 1964 1545 15
1998 1518 2007 1535 -.

220 1568 583 1631 discrepantem
629 1575 888 1615 auctorum
927 1564 1276 1629 opinionibus:
1336 1582 1453 1614 nam
1492 1564 1696 1628 quidam
1743 1565 1890 1614 huius

220 1648 455 1712 temporis
481 1657 638 1697 tractu
662 1647 800 1696 aiunt
823 1665 854 1696 a
877 1646 1054 1696 Tuscis
1073 1648 1300 1710 Capuam
1325 1648 1610 1710 Nolamque
1635 1647 1889 1696 conditam

172 1754 193 1790 3
219 1741 334 1780 ante
375 1747 534 1779 annos
575 1732 676 1779 fere
714 1744 975 1778 DCCCXxx,
1050 1727 1231 1791 quibus
1280 1727 1515 1791 equidem
1555 1729 1889 1778 adsenserim:

221 1813 310 1861 sed
359 1814 429 1860 Μ.
482 1812 609 1862 Cato
656 1819 899 1874 quantum
953 1809 1148 1859 differt!
1207 1809 1293 1872 qui
1351 1809 1484 1858 dicat
1542 1811 1768 1874 Capuam
1826 1811 1891 1859 ab

222 1894 398 1942 iisdem
423 1891 600 1941 Tuscis
634 1891 888 1941 conditam
917 1908 976 1940 ac
1009 1890 1222 1940 subinde
1248 1892 1463 1952 Nolam,
1504 1891 1696 1941 stetisse
1723 1902 1891 1941 autem
1920 1913 1968 1940 20
2000 1919 2004 1950 ς

223 1977 463 2038 Capuam,
481 1983 749 2037 antequam
767 1991 797 2023 a
814 1972 1057 2022 Romanis
1082 1981 1351 2036 caperetur,
1369 1972 1512 2022 annis
1533 1972 1723 2022 circiter
1741 1989 1886 2023 CCLx.

174 2071 199 2108 4
222 2057 360 2119 quod
385 2055 425 2104 si
449 2054 517 2103 ita
541 2063 628 2114 est,
656 2071 771 2103 cum
804 2054 901 2103 sint
925 2072 954 2104 a
980 2056 1155 2118 Capua
1189 2062 1334 2118 capta
1365 2053 1485 2103 anni
1516 2069 1664 2115 CCXL,
1691 2064 1746 2104 ut
1778 2072 1893 2104 con-

222 2136 326 2185 dita
361 2144 448 2196 est,
486 2135 605 2184 anni
641 2144 756 2184 sunt
796 2137 896 2184 fere
932 2151 981 2184 D.
1056 2151 1162 2198 ego,
1200 2151 1324 2198 pace
1363 2134 1647 2198 diligentiae
1686 2136 1891 2186 Catonis

222 2217 442 2277 dixerim,
469 2216 552 2266 uix
575 2216 869 2266 crediderim
894 2226 995 2266 tam
1024 2225 1214 2266 mature
1246 2226 1435 2266 tantam
1464 2217 1638 2266 urbem
1663 2217 1889 2277 creuisse,

224 2298 460 2358 floruisse,
488 2297 781 2358 concidisse,
808 2297 1137 2347 resurrexisse.
1920 2323 1965 2363 25

129 2433 136 2449 ,
170 2389 200 2436 8
293 2379 632 2431 Clarissimum
693 2379 877 2429 deinde
937 2379 1163 2429 omnium
1228 2379 1472 2429 ludicrum
1536 2389 1786 2429 certamen
1845 2390 1893 2430 et

134 2455 135 2458 ¹
223 2463 288 2510 ad
326 2461 638 2510 excitandam
677 2461 894 2524 corporis
935 2461 1188 2524 animique
1226 2460 1458 2510 uirtutem
1499 2461 1894 2511 efficacissimum

226 2542 571 2606 Olympiorum
606 2541 802 2591 initium
838 2542 1025 2603 habuit,
1052 2551 1306 2592 auctorem
1343 2541 1565 2605 Iphitum
1600 2542 1779 2591 Elium.
1853 2543 1893 2592 is

225 2641 310 2673 eos
362 2625 507 2673 ludos
560 2632 932 2687 mercatumque
987 2623 1196 2673 instituit
1242 2632 1358 2673 ante
1402 2640 1575 2684 annos,
1626 2641 1776 2688 quam
1824 2633 1891 2683 tu,

281 2768 306 2804 3
325 2755 424 2805 quia
438 2755 483 2794 P
588 2766 613 2804 5
634 2755 804 2805 imperii
823 2754 866 2793 P
972 2757 999 2793 6
1020 2755 1120 2794 Nini
1133 2755 1389 2794 Rhenanus:
1421 2754 1515 2794 Nisi
1529 2755 1573 2794 P
1674 2768 1695 2804 7
1717 2755 1896 2806 potitust

226 2809 463 2848 Mommsen
545 2823 573 2860 9
601 2810 839 2849 disiunctus
857 2809 1061 2861 Pluygers
1162 2809 1382 2860 ingeniiP
1465 2822 1514 2848 [ο
1542 2809 1679 2849 ociiP
1762 2822 1810 2848 12
1830 2810 1894 2848 in-

226 2864 387 2902 ciderat
406 2864 457 2915 P,
481 2877 558 2904 em.
585 2864 774 2904 Gelenius
863 2864 982 2903 Num
1002 2878 1042 2914 q.
1066 2877 1105 2904 u.
1130 2864 1172 2904 id
1193 2865 1236 2903 in
1257 2864 1371 2913 quod
1389 2862 1446 2903 H.
1469 2864 1704 2904 inciderat?
1845 2877 1894 2914 15

226 2931 485 2981 maximique
501 2931 733 2971 Rhenanus
749 2945 759 2971 e
786 2932 1055 2982 maximeque
1075 2932 1119 2972 P
1228 2934 1277 2971 18
1297 2945 1493 2971 Deccxxx
1508 2932 1551 2971 P
1657 2944 1711 2970 20
1731 2931 1894 2971 eisdem

226 2998 268 3036 Ρ
403 3013 453 3039 21
484 2994 595 3039 (ΕΞ
619 3000 663 3038 Ρ
805 3013 859 3040 22
888 3013 995 3040 ccxx.
1023 3001 1066 3040 P
1226 3013 1278 3051 23
1307 2995 1348 3040 ff
1356 3001 1400 3040 P
1544 3001 1598 3040 28
1627 2999 1895 3051 Olympicum

227 3052 445 3093 Acidalzus
511 3067 570 3094 an
590 3054 770 3097 Eleum?
2012 3060 2014 3081 ¹

1052 3133 1078 3173 6
