2014 3392
818 275 1035 323 LIBER
1073 276 1128 324 II

139 412 351 463 faciebat
388 411 807 477 inexsuperabilis,
847 428 942 461 nec
982 411 1242 462 temerario
1279 412 1488 462 consilio
1536 429 1629 462 nec
1676 411 1815 476 segni
1881 466 1891 478 ἱ

138 495 452 559 prouidentia
491 494 580 544 iuti
618 494 958 559 speculatique
998 493 1384 558 oportunitatem
1432 496 1559 544 ferro
1606 493 1701 543 sibi
1746 496 1811 544 ad

135 594 253 627 suos
311 594 545 641 peperere
602 576 828 626 reditum.
915 593 975 625 ex
1032 592 1135 640 quo
1191 585 1394 640 apparet
1440 578 1642 636 Varum,
1692 593 1811 624 sane
1833 595 1856 635 5

133 675 334 723 grauem
374 669 423 709 et
465 660 628 709 bonae
662 657 932 708 uoluntatis
973 657 1150 718 uirum,
1194 657 1349 722 magis
1386 657 1693 722 imperatoris
1729 659 1812 707 de-

88 755 112 795 5
134 742 319 790 fectum
344 740 555 791 consilio
578 757 729 804 quam
754 739 936 789 uirtute
970 739 1262 789 destitutum
1295 738 1508 788 militum
1541 756 1594 789 se
1627 738 1811 802 magni-

133 822 609 886 ficentissimumque
659 821 934 886 perdidisse
979 820 1261 871 exercitum.
1334 838 1449 870 cum
1491 820 1543 870 in
1584 820 1809 884 captiuos
1832 815 1858 856 ⁶

132 902 402 952 saeuiretur
436 919 468 952 a
491 901 768 963 Germanis,
795 901 1031 966 praeclari
1054 901 1284 951 facinoris
1308 911 1481 951 auctor
1503 901 1596 950 fuit
1621 903 1809 952 Caldus

133 983 347 1044 Caelius,
372 985 667 1033 adulescens
703 993 950 1033 uetustate
982 981 1196 1032 familiae
1220 999 1338 1032 suae
1363 981 1694 1047 dignissimus,
1722 983 1810 1046 qui

131 1066 420 1128 complexus
456 1075 757 1125 catenarum,
784 1064 966 1128 quibus
997 1063 1196 1113 uinctus
1229 1074 1345 1124 erat,
1381 1063 1571 1125 seriem,
1599 1065 1667 1116 ita
1701 1066 1809 1116 illas

55 1161 110 1191 ιο
132 1144 281 1195 inlisit
319 1145 468 1210 capiti
509 1162 616 1206 suo,
655 1155 711 1195 ut
748 1145 972 1210 protinus
1010 1144 1190 1209 pariter
1226 1144 1478 1208 sanguinis
1520 1147 1808 1212 cerebrique

135 1227 384 1292 profluuio
408 1228 686 1292 exspiraret.

198 1311 391 1360 Eadem
429 1310 585 1359 uirtus
622 1321 671 1360 et
718 1312 916 1360 fortuna
961 1308 1285 1373 subsequenti
1332 1319 1556 1374 tempore
1603 1310 1806 1376 ingressi
1829 1324 1910 1359 121

130 1392 448 1442 Germaniam
482 1392 790 1457 imperatoris
825 1392 996 1442 Tiberi
1025 1392 1130 1453 fuit,
1158 1409 1286 1456 quae
1311 1391 1452 1442 initio
1477 1394 1646 1443 fuerat.
1720 1396 1807 1460 qui

127 1475 382 1525 concussis
406 1475 624 1526 hostium
653 1475 841 1525 uiribus
873 1474 1089 1525 classicis
1124 1474 1451 1539 peditumque
1487 1476 1808 1540 expeditioni-

52 1566 103 1608 15
128 1556 236 1616 bus,
274 1573 388 1606 cum
425 1574 502 1607 res
540 1557 810 1607 Galliarum
850 1556 1093 1606 maximae
1130 1555 1276 1605 molis
1313 1573 1623 1620 accensaque
1658 1559 1806 1622 plebe

128 1637 488 1688 Viennensium
527 1639 862 1689 dissensiones
900 1637 1201 1688 coercitione
1240 1637 1394 1702 magis
1442 1655 1593 1702 quam
1641 1657 1806 1704 poena

125 1720 379 1782 mollisset,
428 1731 628 1771 senatus
675 1723 990 1785 populusque
1030 1723 1290 1770 Romanus
1338 1723 1620 1784 postulante
1666 1733 1804 1787 patre

124 1803 244 1865 eius,
271 1814 326 1854 ut
348 1821 565 1869 aequum
590 1804 636 1854 ei
674 1804 750 1854 ius
779 1803 830 1853 in
855 1803 1090 1854 omnibus
1115 1802 1383 1868 prouinciis
1408 1804 1804 1870 exercitibusque

124 1897 268 1947 oeset,
285 1903 436 1951 quarn
451 1897 554 1937 erat
568 1886 676 1951 ipsi,
694 1888 896 1936 decreto
911 1888 1199 1950 complexus
1215 1895 1301 1935 est.
1330 1886 1515 1936 etenim
1530 1888 1802 1939 absurdum

49 1991 104 2020 πο
124 1979 227 2019 erat
252 1986 354 2019 non
379 1986 487 2019 esse
511 1969 607 2019 sub
629 1969 729 2029 illo,
756 1986 885 2033 quae
915 1970 982 2019 ab
1012 1968 1098 2019 illo
1129 1967 1526 2030 uindicabantur,
1554 1979 1602 2019 et
1627 1970 1712 2034 qui
1737 1973 1802 2022 ad
1827 1993 1846 2020 α

123 2066 272 2115 opem
298 2051 552 2100 serendam
578 2050 765 2114 primus
801 2060 918 2111 erat,
944 2052 1009 2100 ad
1042 2049 1402 2099 uindicandum
1428 2051 1671 2101 honorem
1698 2069 1800 2102 non

183 2193 200 2220 1
233 2180 566 2231 inexuperabilis
588 2180 702 2230 (·leis
721 2179 780 2229 P)
802 2179 892 2219 ΑΡ
1039 2193 1064 2219 2
1093 2180 1171 2219 uiti
1191 2179 1256 2222 B:
1288 2180 1364 2220 niti
1385 2180 1427 2219 A
1445 2195 1453 2221 ε
1486 2181 1551 2221 usi
1571 2181 1634 2223 P:
1665 2183 1800 2223 adiuti

124 2234 284 2276 Bur-er:
313 2236 394 2275 nisi
415 2235 473 2275 ed.
499 2234 666 2288 Bipont.
686 2251 697 2274 ι
732 2234 808 2274 iuti
830 2234 1041 2286 Heinsius,
1064 2235 1110 2286 «ΤΣ
1142 2235 1232 2276 Tac.
1255 2234 1374 2275 Ann.
1399 2235 1484 2276 xiv.
1509 2250 1533 2286 4
1645 2250 1800 2289 oppor-

123 2289 349 2330 tunitatem
362 2289 451 2330 ΑΡ
577 2302 604 2340 3
624 2295 885 2341 pepererunt
907 2290 995 2338 del„
1010 2289 1101 2329 dein
1114 2289 1378 2341 peperereA
1397 2305 1406 2331 :
1429 2304 1637 2341 aperuere
1656 2292 1800 2332 Corne-

122 2345 242 2384 limen
318 2359 344 2395 ⁴
363 2358 495 2395 graue
509 2348 589 2386 m&
604 2344 770 2384 boneA
868 2357 891 2394 7
912 2345 1039 2384 seuir.
1060 2349 1097 2383 et
1116 2345 1246 2395 preci.
1269 2344 1312 2383 A
1411 2347 1437 2385 8
1457 2345 1632 2386 Coelius
1660 2347 1798 2399 (Cael.

124 2398 180 2446 Ρ)
192 2400 247 2439 ad
267 2406 525 2440 uetustatem
550 2398 643 2442 ΑΡ.
666 2398 779 2451 quod
794 2398 967 2450 defendit
986 2398 1187 2451 Wopkens
1205 2398 1309 2439 Lect.
1337 2399 1443 2441 Tull.
1470 2403 1491 2448 5
1518 2413 1620 2452 134:
1654 2402 1799 2442 adule.

122 2466 249 2494 scens
286 2461 501 2495 uetustate
534 2453 770 2494 Ruhnken:
810 2466 860 2493 ac
880 2483 891 2494 .
913 2484 923 2495 .
949 2483 961 2494 .
984 2454 1220 2504 dignissimi
1241 2452 1410 2504 Lipsius
1572 2469 1600 2506 9
1628 2457 1798 2497 saeriem

122 2508 166 2548 A
335 2521 380 2548 11
414 2509 625 2560 profluuio
649 2507 858 2550 Gelenius:
895 2508 939 2548 in
960 2509 1089 2548 fluuio
1108 2508 1221 2549 AP:
1251 2508 1424 2549 effluuio
1444 2508 1614 2562 Lipsius
1723 2524 1798 2551 ex·

122 2563 234 2614 piret
257 2577 354 2604 corr.
378 2564 422 2603 in
447 2562 666 2615 expiraret
685 2563 727 2602 A
898 2575 947 2602 12
976 2564 1125 2603 eadem
1145 2563 1188 2602 A
1209 2577 1219 2603 :
1259 2564 1408 2603 eadem
1439 2570 1482 2604 et
1501 2563 1545 2603 P
1732 2565 1798 2606 in·

121 2618 258 2667 gressi
274 2618 545 2658 Germaniam
564 2617 729 2657 Bardtli
747 2618 892 2662 '18223
904 2618 1199 2670 pulcherrime:
1228 2618 1423 2668 ingressa
1444 2619 1623 2659 animam
1647 2622 1797 2669 (-mum

120 2671 316 2779 Hm
199 2671 332 2712 AB?
524 2685 572 2723 13
600 2672 756 2712 Tiberii
781 2671 911 2711 ABP
1111 2685 1156 2721 14
1189 2674 1409 2713 concussis
1429 2673 1520 2722 del,
1542 2673 1632 2714 dein
1652 2675 1797 2716 :verum

309 2728 565 2768 ,concussis
585 2727 654 2767 A·
685 2727 878 2767 contusis
897 2726 1104 2766 Ruhnken
1117 2728 1378 2779 probabiliter
1523 2740 1570 2778 15
1599 2741 1796 2771 accensa-

120 2740 206 2874 ἕπε
237 2782 360 2833 plebe
392 2782 450 2828 A
495 2781 609 2834 quod
634 2782 831 2830 nuocaut',
867 2795 963 2821 cum
997 2780 1136 2820 Burer
1174 2786 1344 2821 testatus
1367 2782 1421 2821 sit
1457 2793 1722 2835 accensaque
1754 2799 1797 2825 m

173 2836 385 2876 urbac-ensa
404 2838 558 2885 juisse.
598 2849 885 2887 accensasque
924 2836 1062 2887 plebis
1099 2835 1164 2876 Ρ.
1203 2836 1339 2887 plebis
1365 2838 1489 2876 etiam
1525 2836 1662 2876 Burer
1694 2839 1798 2879 uidit

128 2892 177 2930 16
204 2892 424 2932 coertione
453 2890 549 2940 ΑΡ,
581 2904 677 2933 corr.
713 2890 902 2931 Gelenius
1068 2892 1117 2931 18
1146 2904 1327 2942 aequum
1364 2891 1403 2932 ei
1437 2891 1502 2931 ius
1536 2891 1796 2935 Rhenanus.

122 2957 278 2996 equum
311 2947 405 2986 eius
439 2945 528 2985 ΑΡ
699 2945 923 2997 prouintiis
954 2945 996 2984 A
1113 2958 1163 2997 19
1190 2958 1315 2997 quam
1351 2945 1459 2988 AP:
1507 2953 1636 2998 atque
1673 2948 1801 2989 Orelli

122 2999 215 3050 ipse
235 2999 345 3041 AP:
394 3001 472 3052 ipsi
504 2999 763 3040 Rhenanus.
797 2999 900 3051 sort.
921 3012 1048 3050 quam
1077 3012 1163 3051 quo
1189 3006 1279 3040 erat
1307 3000 1399 3049 ipse
1618 3010 1698 3053 cop
1700 3003 1726 3044 l.
1749 3003 1792 3043 A

121 3061 189 3095 αἱ
207 3055 372 3107 scripsi·
391 3062 507 3095 esset
523 3053 619 3102 ΛΡ,
640 3061 678 3093 et
694 3055 751 3094 sic
762 3053 898 3093 Bam
908 3053 1071 3093 uidetur
1092 3054 1239 3107 legisse.
1304 3053 1435 3107 Vulgo
1458 3062 1500 3096 et
1524 3015 1698 3096 adduni³
1700 3062 1798 3110 post

123 3108 341 3159 mouisset,
363 3109 559 3163 apodosm
580 3108 924 3161 ααΙοηῙαείκηΙ
913 3121 954 3149 ιη
977 3109 1123 3150 urbem
1147 3122 1359 3160 reuersus,
1379 3124 1417 3151 κ.
1423 3124 1462 3151 τ.
1465 3116 1506 3153 λ.

919 3197 997 3240 ¹³3
