2014 3392
703 188 962 236 VELLEI
1001 187 1402 237 PATERCVLI

228 324 419 374 sionem
478 322 672 373 sceleris
730 340 847 372 usus
906 332 994 383 est,
1050 324 1186 372 haud
1243 322 1563 386 inprudenter
1614 325 1894 387 speculatus

229 405 480 454 neminem
539 404 743 454 celerius
803 403 1028 467 opprimi,
1078 421 1229 466 quam
1287 403 1373 467 qui
1419 403 1542 452 nihil
1588 403 1795 464 timeret,
1845 414 1894 453 et

181 504 204 542 3
227 486 678 550 frequentissimum
702 485 896 534 initium
913 502 1019 534 esse
1039 484 1327 533 calamitatis
1354 493 1379 535 †
1401 484 1684 534 securitatis.
1735 485 1894 548 primo

229 565 390 632 igilur*⁴
418 586 618 632 paucos,
668 585 784 617 mox
830 567 980 631 pluris
1027 567 1078 615 in
1126 566 1412 616 societatem
1460 567 1635 616 consili
1681 567 1894 631 recepit:

230 649 442 713 opprimi
480 667 626 714 posse
660 652 918 698 Romanos
943 658 991 698 et
1016 648 1136 697 dicit
1159 657 1208 697 et
1232 650 1508 711 persuadet,
1535 648 1744 697 decretis
1769 650 1898 698 facta
1921 662 1944 703 5
1979 639 1986 647 ’

181 757 209 796 4
232 731 400 795 iungit,
442 741 637 794 tempus
679 730 967 779 insidiarum
1009 729 1274 779 constituit.
1347 729 1399 778 id
1435 732 1568 778 Varo
1609 746 1696 792 per
1735 729 1897 778 uirum

231 815 335 863 eius
382 813 540 877 gentis
582 815 781 862 fidelem
819 812 1035 876 clarique
1073 811 1302 872 nominis,
1344 814 1593 875 Segesten,
1637 811 1893 861 indicatur.

230 899 512 961 postulabat
536 898 684 947 etiam
713 916 736 943 *
767 914 790 940 *
821 916 844 943 *
871 899 970 946 fata
1011 897 1228 947 consiliis
1267 915 1569 960 omnemque
1604 896 1757 945 animi
1793 896 1898 945 eius

229 979 387 1028 aciem
412 979 818 1043 praestrinxerant
838 999 847 1027 ε
884 978 1069 1042 quippe
1093 979 1160 1028 ita
1184 996 1236 1028 se
1260 996 1335 1028 res
1354 980 1518 1039 habet,
1535 988 1590 1027 ut
1608 980 1899 1042 plerumque
1967 965 1970 967 Ὗ
1999 966 2001 979 ’

231 1062 310 1111 cui
369 1064 617 1111 fortunam
676 1071 950 1111 mutaturus
1009 1069 1079 1110 est
1134 1063 1272 1122 deus,
1338 1061 1544 1110 consilia
1601 1069 1895 1123 corrumpat,
1925 1066 1989 1107 10⁷

231 1143 522 1206 efficiatque,
566 1145 704 1206 quod
745 1142 1072 1192 miserrimum
1119 1152 1207 1203 est,
1256 1144 1394 1206 quod
1434 1142 1614 1192 accidit
1654 1151 1709 1191 ut
1744 1141 1899 1192 etiam

232 1224 406 1273 merito
453 1224 692 1273 accidisse
737 1224 964 1286 uideatur
1010 1234 1059 1273 et
1106 1241 1247 1273 casus
1306 1224 1356 1272 in
1415 1226 1612 1287 culpam
1670 1232 1896 1272 transeat.

232 1315 377 1369 negat
402 1305 567 1369 itaque
592 1323 644 1355 se
669 1308 868 1355 credere
901 1305 1217 1370 speciemque
1253 1306 1304 1354 in
1340 1323 1392 1355 se
1429 1306 1806 1355 beneuolentiae
1842 1323 1902 1355 ex

233 1386 408 1436 merito
445 1387 703 1437 aestimare
744 1389 1010 1451 profitetur.
1085 1405 1178 1436 nec
1214 1387 1398 1437 diutius
1433 1397 1546 1451 post
1581 1387 1795 1451 primum
1833 1387 1902 1435 in-
1998 1441 2011 1464 Ἴ

234 1467 398 1517 dicem
423 1470 645 1517 secundo
670 1468 865 1518 relictus
890 1471 1041 1518 locus.
1929 1492 1977 1533 15

128 1555 212 1603 119
305 1549 547 1600 Ordinem
582 1550 915 1600 atrocissimae
951 1550 1254 1610 calamitatis,
1282 1567 1381 1613 qua
1421 1553 1556 1599 nulla
1590 1561 1702 1614 post
1740 1550 1905 1602 Crassi
2010 1542 2011 1547 ¹

235 1632 285 1681 in
325 1633 516 1682 Parthis
554 1635 794 1682 damnum
836 1633 887 1682 in
923 1633 1132 1683 externis
1169 1633 1398 1696 gentibus
1433 1633 1626 1696 grauior
1662 1633 1904 1684 Romanis

235 1714 339 1774 fuit,
367 1714 505 1763 iustis
532 1715 871 1767 uoluminibus
905 1725 958 1764 ut
982 1715 1077 1775 alii,
1105 1714 1172 1763 ita
1196 1731 1288 1763 nos
1313 1715 1605 1764 conabimur
1629 1732 1903 1779 exponere:

190 1820 208 1847 2
236 1814 370 1845 nunc
409 1814 603 1846 summa
640 1799 872 1847 deflenda
907 1806 992 1846 est.
1065 1796 1304 1846 exercitus
1341 1796 1566 1846 omnium
1595 1797 1902 1857 fortissimus,

237 1883 510 1946 disciplina,
556 1901 706 1933 manu
746 1884 1144 1948 experientiaque
1183 1885 1425 1933 bellorum
1472 1883 1599 1932 inter
1646 1884 1904 1931 Romanos
1931 1902 2006 1931 20.

237 1965 415 2014 milites
453 1965 696 2029 princeps,
737 1983 957 2015 marcore
999 1966 1154 2027 ducis,
1192 1965 1398 2029 perfidia
1437 1964 1607 2024 hostis,
1648 1961 1906 2025 iniquitate

294 2108 312 2133 1
335 2095 435 2145 imp.
453 2095 543 2133 AP
659 2109 684 2146 3
705 2097 946 2135 securitatis
966 2096 1126 2135 inducto
1146 2097 1198 2136 -is
1218 2100 1255 2135 et
1273 2097 1352 2136 —eis
1371 2096 1599 2143 substituto,
1614 2107 1725 2142 mox,
1739 2097 1818 2132 toto
1837 2092 1911 2131 hoc

235 2150 409 2198 inducto,
432 2151 672 2189 securitatis
690 2152 942 2202 suprascripl.
958 2151 1015 2199 A,
1034 2152 1075 2189 in
1092 2155 1298 2202 quantum
1317 2152 1559 2202 scripmrarn
1574 2148 1711 2187 codia‘s
1725 2161 1796 2198 ego
1810 2151 1846 2185 et
1858 2147 1906 2188 F.

237 2203 409 2254 Madau,
426 2205 685 2253 difficiliorem
705 2219 814 2255 sane,
831 2207 1075 2256 intetpretarz
1094 2206 1337 2257 potuimus:
1357 2205 1628 2244 securitatem
1641 2202 1706 2241 P:
1735 2216 1841 2241 num
1862 2202 1906 2240 in

237 2260 323 2303 (uel
358 2260 431 2310 ex)
473 2262 729 2300 securitate?
924 2275 949 2310 4
978 2261 1183 2299 societate
1225 2260 1374 2299 consili
1412 2258 1630 2310 praecepit
1667 2256 1766 2305 ΑΡ,
1806 2270 1901 2297 corr.

237 2313 469 2352 Rhenanus
568 2325 593 2363 5
615 2316 740 2354 docet
759 2314 959 2353 Heinsius
1068 2317 1093 2354 8
1114 2315 1308 2353 lacunam
1327 2315 1383 2353 sic
1398 2314 1586 2365 suppleui
1600 2326 1649 2350 ex
1674 2312 1763 2351 Tac.
1781 2311 1824 2348 A
1831 2324 1903 2351 nn.

238 2369 262 2408 i.
283 2369 335 2417 58
359 2368 530 2419 [uinciri
552 2369 755 2409 conscios.
779 2371 854 2408 sed
881 2370 1183 2419 praeualebant
1203 2367 1306 2419 iarn]
1332 2370 1375 2408 in
1394 2370 1542 2419 quibus
1559 2367 1635 2406 sed
1656 2378 1801 2416 praeu.
1823 2366 1906 2404 iarn

242 2422 395 2461 Gelenii
417 2427 475 2461 est
638 2438 666 2475 9
694 2430 1014 2474 praestruxerat
1037 2424 1134 2472 AP,
1162 2438 1245 2464 em.
1272 2423 1459 2463 Gelenius
1571 2435 1621 2461 10
1651 2421 1717 2460 cui
1742 2420 1906 2471 scripsi:

237 2478 309 2526 qui
330 2477 437 2518 AP:
462 2478 527 2517 cui
549 2477 734 2517 Laurent
753 2479 985 2529 relatiunrn,
1008 2479 1130 2517 Kritz
1149 2479 1407 2528 indefinitum
1428 2482 1475 2516 ut
1492 2478 1534 2515 in
1557 2476 1634 2516 Cic.
1648 2476 1740 2515 Fin.
1758 2475 1812 2515 iii.
1838 2487 1904 2514 21.

241 2545 287 2581 71
310 2533 475 2572 habuit:
508 2534 628 2572 cuius
648 2533 707 2572 ed.
729 2533 894 2584 Bipont.
920 2538 956 2571 et
973 2533 1110 2572 Halm
1130 2534 1178 2583 cf
1198 2545 1261 2584 57.
1280 2546 1305 2582 3
1324 2547 1333 2572 t
1350 2533 1452 2582 sort.
1467 2531 1581 2582 quib.
1596 2531 1622 2570 f.
1646 2543 1701 2569 m.
1724 2544 1762 2569 e.
1786 2530 1903 2579 deus,

240 2587 331 2638 [iis]
391 2587 629 2627 imitaturus
649 2587 691 2626 A
764 2594 830 2627 est
843 2587 939 2628 add.
957 2588 1146 2627 Gelenius
1214 2588 1305 2627 eius
1314 2592 1410 2638 post
1421 2588 1527 2625 deus
1543 2585 1715 2624 addebat
1724 2583 1911 2622 Laurent

243 2654 288 2679 11
317 2647 362 2680 ut
389 2643 502 2691 quod.
534 2643 685 2681 accidit
713 2648 755 2681 et
783 2643 909 2681 etiam
940 2642 1084 2693 (etiarn
1109 2642 1165 2688 P)
1198 2642 1352 2681 ABP:
1380 2642 1496 2691 quod
1527 2639 1678 2680 accidit
1706 2644 1750 2677 ut
1780 2638 1906 2677 etiam

239 2696 388 2746 scripsi,
407 2698 526 2735 solita
552 2701 756 2735 structura
775 2711 859 2747 qua
877 2702 921 2735 ut
941 2702 1038 2748 post
1057 2697 1276 2735 relatiuum
1307 2697 1475 2735 demum
1502 2695 1693 2745 infertur:
1725 2698 1771 2731 ut
1791 2693 1906 2742 quod

240 2751 406 2798 accidit,
424 2752 466 2789 id
488 2752 614 2790 etiarn
627 2751 765 2789 Burer
873 2765 921 2789 12
952 2752 1117 2802 culpam
1132 2751 1197 2790 P:
1220 2751 1342 2802 culpa
1357 2750 1440 2788 BA
1557 2762 1605 2798 13
1635 2748 1907 2797 speciemque

240 2804 467 2843 Burmann
486 2819 495 2843 :
525 2819 731 2856 spemque
750 2805 839 2844 AP
969 2806 1272 2845 beneuolentia
1290 2805 1385 2856 ΑΡ,
1409 2818 1502 2845 corr.
1532 2802 1719 2843 Gelenius
1858 2802 1908 2839 16

242 2872 324 2907 qua
344 2859 450 2899 BP:
479 2874 589 2910 quae
609 2861 651 2899 A
774 2861 917 2899 Crassi
936 2860 1002 2900 P:
1033 2861 1153 2900 Cassi
1174 2860 1256 2899 BA
1370 2873 1423 2899 20
1454 2858 1674 2908 disciplina
1698 2856 1740 2894 A
1855 2868 1903 2895 21

246 2913 388 2952 Marco
409 2916 576 2954 reducis
595 2915 637 2953 A

2003 2744 2014 2812 1

1042 3095 1122 3135 130

2010 3250 2014 3262 -
2001 2990 2014 3211 ...‹.1.-.·‡.An'—
