2014 3392
816 243 1035 294 LIBER
1070 242 1126 293 11

127 396 318 452 partem
358 394 658 448 &actumque
693 400 896 434 omnem
935 381 1126 432 Galliae
1171 379 1538 445 prouinciarum
1585 389 1805 430 ueterem

127 468 473 533 imperatorem
514 476 565 516 et
608 475 725 515 ante
771 463 956 514 meritis
1001 479 1062 512 ac
1101 461 1366 512 uirtutibus
1406 478 1557 525 quam
1599 459 1804 511 nomine

127 550 392 600 Caesarem
433 547 704 598 reuisentes
745 545 839 595 sibi
881 544 1092 610 quisque
1132 560 1284 607 quam
1331 541 1402 591 illi
1446 543 1803 606 gratularentur

126 629 334 694 plenius.
422 638 474 678 at
513 644 634 677 uero
674 626 887 675 militum
929 633 1202 688 conspectu
1243 622 1349 673 eius
1390 622 1583 672 elicitae
1619 621 1802 686 gaudio
1826 637 1853 675 4

80 724 103 764 5
127 710 358 761 lacrimae
379 709 705 774 alacritasque
728 718 779 758 et
801 706 1109 757 salutationis
1134 722 1268 755 noua
1291 706 1539 769 quaedam
1568 703 1804 753 exultatio

126 803 176 843 et
199 789 523 855 contingendi
547 806 751 839 manum
776 787 1022 852 cupiditas
1053 803 1157 836 non
1186 785 1550 836 continentium
1579 784 1803 849 protinus

126 872 249 938 quin
272 872 539 932 adicerent,
562 875 575 897 ‘
589 870 821 921 uidemus
839 879 902 930 te,
923 868 1190 933 imperator
1206 870 1229 917 P
1264 869 1458 917 saluum
1477 866 1741 931 recipimus
1756 867 1805 915 ?’

125 972 187 1005 ac
209 954 394 1005 deinde
420 958 433 980 ‘
447 969 542 1018 ego
565 963 746 1012 tecum,
772 951 1052 1016 imperator,
1078 950 1131 999 in
1156 949 1406 1010 Armenia,
1433 965 1528 1014 ego
1551 948 1603 998 in
1629 947 1807 998 Raetia

128 1035 213 1096 sui,
250 1052 344 1100 ego
378 1051 410 1084 a
443 1044 493 1084 te
527 1033 579 1083 in
614 1031 904 1093 VindeliciS,
942 1049 1035 1096 ego
1070 1031 1122 1080 in
1159 1030 1432 1091 Pannonia,
1471 1047 1564 1095 ego
1599 1029 1651 1079 in
1690 1031 1809 1080 Ger-

80 1139 109 1168 ο
129 1115 296 1166 mania
326 1117 542 1166 donatus
576 1116 719 1175 sum,'
757 1130 921 1179 neque
956 1112 1122 1163 uerbis
1157 1111 1363 1177 exprimi
1399 1121 1449 1162 et
1483 1114 1690 1162 fortasse
1725 1111 1807 1162 uix

129 1197 304 1248 mereri
328 1198 480 1248 fidem
504 1206 681 1261 potest.

196 1281 384 1328 Intrata
406 1277 631 1342 protinus
656 1275 938 1337 Germania,
965 1274 1158 1326 subacti
1183 1274 1552 1336 CanninefateS,
1574 1275 1801 1337 Attuarii,
1830 1290 1924 1339 105

127 1360 364 1421 Bructeri,
385 1359 569 1424 recepti
588 1358 843 1419 Cherusci,
866 1364 894 1409 †
907 1357 1068 1423 gentis
1092 1356 1283 1407 utinam
1308 1357 1474 1407 minus
1498 1374 1615 1407 mox
1639 1367 1808 1408 nostra

127 1444 270 1493 clade
311 1441 507 1502 nobilis,
551 1440 783 1490 transitus
823 1439 1061 1504 Visurgis,
1106 1448 1361 1504 penetrata
1402 1438 1646 1501 ulteriora,
1690 1457 1806 1490 cum

20 1559 23 1561 -
81 1547 106 1588 5
127 1540 331 1574 omnem
378 1533 568 1587 partem
614 1521 869 1586 asperrimi
915 1531 965 1571 et
1011 1515 1414 1585 periculosissimi
1460 1520 1578 1570 belli
1626 1522 1810 1572 Caesar

127 1604 415 1665 uindioeret,
444 1602 538 1672 [in]
563 1603 636 1664 iis,
668 1620 798 1668 quae
829 1602 1034 1652 minoris
1066 1611 1205 1652 erant
1236 1600 1548 1663 discriminiS,
1581 1601 1806 1652 Sentium

124 1686 461 1747 Saturninum,
488 1685 575 1751 qui
599 1695 706 1735 tum
731 1687 921 1750 legatus
945 1684 1096 1749 patn's
1121 1683 1226 1734 eius
1255 1683 1307 1733 in
1333 1683 1602 1734 Germania
1632 1685 1804 1745 fuerat,

125 1768 454 1833 praefecisset,
503 1767 666 1817 uirum
722 1766 1048 1831 multiplicem
1098 1764 1191 1834 [in]
1240 1765 1519 1827 uirtutibuS,
1568 1783 1802 1831 gnauum,
1833 1786 1852 1813 2

122 1850 318 1915 agilem,
361 1849 628 1915 prouidum
670 1848 1057 1914 militariumque
1104 1847 1381 1899 officiorum
1428 1847 1700 1912 patientem
1746 1866 1806 1899 ac

86 1965 95 1977 ·
124 1931 337 1997 peritum
373 1930 566 1996 pariter,
603 1932 693 1981 sed
731 1932 964 1991 eundem,
1005 1929 1093 1979 ubi
1131 1928 1330 1994 negotia
1366 1928 1600 1979 fecissent
1637 1931 1805 1980 locum

123 2012 243 2074 otiO,
280 2012 544 2062 liberaliter
578 2013 812 2076 lauteque
847 2028 909 2061 eo
943 2011 1249 2071 abutentem,
1285 2009 1353 2059 ita
1387 2019 1570 2071 tamen,
1597 2020 1652 2060 ut
1688 2027 1804 2061 eum

124 2093 443 2160 splendidum
461 2104 548 2143 aut
565 2092 771 2143 hilarem
790 2092 956 2158 potius
974 2110 1125 2158 quam
1150 2091 1456 2142 luxuriosum
1475 2102 1560 2142 aut
1578 2092 1804 2144 desidem

183 2236 200 2263 1
233 2229 462 2275 tractumq.
485 2222 683 2264 Gladius:
718 2228 901 2263 tractum
920 2221 1012 2261 ΑΡ
1172 2235 1198 2262 2
1227 2221 1458 2261 uirtutibus
1478 2219 1674 2273 Lipsius:
1707 2222 1807 2261 uiri-

124 2278 205 2319 bus
223 2278 316 2318 AP
387 2291 414 2329 3
442 2279 582 2330 quisq.
602 2290 730 2329 quam
751 2276 818 2318 P:
845 2277 1069 2328 quisquam
1089 2276 1133 2315 A
1257 2289 1283 2326 4
1312 2281 1356 2316 at
1375 2289 1460 2317 om.
1482 2275 1525 2315 A
1638 2276 1807 2316 elicitae

123 2332 192 2375 P:
239 2333 442 2374 felicitate
469 2333 513 2372 A
599 2344 625 2383 5
655 2332 901 2383 lachrymae
929 2331 974 2371 P
1081 2344 1104 2382 7
1133 2331 1368 2371 adiicerent
1396 2329 1497 2380 ΑΡ,
1521 2330 1636 2383 quod
1657 2331 1814 2371 correxi

126 2388 367 2440 recepimus
385 2387 430 2427 P
621 2400 671 2427 12
721 2387 895 2427 subacta
914 2386 957 2426 A
1044 2399 1136 2426 cam
1158 2386 1198 2425 ui
1219 2385 1345 2426 saciat
1364 2385 1492 2425 Tuari
1515 2385 1711 2426 Bruoteri
1731 2386 1774 2425 A
1796 2400 1806 2426 z

123 2442 378 2494 Caninisaci,
394 2442 563 2483 Attuari
580 2442 750 2483 Bruteri
763 2441 825 2482 P:
854 2446 864 2464 ⁶
876 2443 933 2481 sic
950 2442 1067 2494 leges,
1081 2440 1357 2481 Caninesates
1371 2440 1563 2480 Cattuari
1582 2440 1780 2481 Bructeri
1794 2440 1806 2457 ⁹

124 2498 358 2539 Rhenanus
526 2510 575 2548 13
604 2497 810 2538 Cherusci
848 2495 915 2537 P:
962 2495 1155 2536 Ceruisci
1193 2495 1236 2534 A
1350 2495 1492 2546 gentis
1529 2496 1633 2547 (·tes
1666 2495 1724 2546 P)
1762 2502 1806 2537 et

125 2552 381 2593 inamminus
412 2551 525 2593 AB:
565 2558 609 2592 et
640 2551 911 2591 *inamninus
938 2550 1005 2591 P:
1048 2557 1091 2591 et
1123 2551 1284 2591 utinam
1314 2551 1452 2590 minus
1479 2563 1533 2590 m.
1565 2563 1606 2590 n.
1633 2563 1667 2589 c.
1690 2563 1747 2601 n.‚
1775 2555 1804 2590 t.

123 2606 319 2658 Visurgis
344 2607 469 2647 Voss:
500 2613 654 2658 gentes
675 2607 835 2646 utinam
856 2607 998 2646 minus
1017 2619 1074 2647 m.
1094 2619 1135 2646 n.
1159 2618 1194 2647 c.
1218 2604 1384 2645 nobiles
1411 2604 1563 2644 Fn'ebel
1586 2603 1802 2658 Satyrogr.

126 2660 308 2703 Gramr.
325 2661 498 2714 fragm.
509 2668 553 2714 p.
575 2673 644 2711 ¹5¹
664 2661 808 2712 (1837)
829 2676 840 2701 ε
867 2673 977 2712 gens
996 2660 1156 2701 utinam
1173 2673 1226 2701 m.
1243 2660 1430 2700 thh'ch
1446 2674 1455 2701 z
1474 2658 1656 2710 fortasse
1668 2672 1805 2710 genus

126 2746 138 2758 .
159 2746 172 2758 .
194 2746 207 2759 .
231 2716 373 2756 nobile
392 2716 433 2758 h.
450 2730 483 2757 e.
505 2720 514 2736 ‘
529 2730 557 2756 a
575 2715 698 2763 stoch,
718 2714 859 2757 bned!
975 2727 1023 2766 ¹4
1053 2716 1232 2756 transitu
1252 2713 1343 2754 AP
1419 2713 1612 2765 Viturgis
1631 2714 1691 2763 A,
1713 2718 1806 2755 teste

123 2771 310 2812 fedum
477 2773 528 2811 16
555 2772 598 2811 in
619 2770 717 2819 ΑΡ,
740 2783 828 2811 om.
847 2769 1026 2822 Kmuse,
1050 2769 1175 2810 Here!
1325 2781 1372 2819 17
1404 2766 1514 2820 tum]
1537 2769 1618 2808 iam
1643 2766 1810 2809 Gruner

128 2826 180 2866 18
208 2826 250 2866 in
281 2826 507 2867 uirtutibus
536 2825 648 2866 AP:
692 2826 734 2865 in
764 2824 838 2866 det.
870 2824 1081 2877 Raphelen
1122 2825 1177 2864 'us
1325 2836 1480 2863 nauum
1499 2822 1543 2863 P
1751 2836 1803 2876 19

125 2881 364 2932 pacientem
394 2881 438 2920 A
686 2892 742 2921 20
763 2883 862 2932 post
887 2879 1026 2919 locum
1104 2879 1232 2919 letum
1261 2882 1320 2919 est
1345 2878 1388 2918 in
1413 2878 1456 2918 A
1498 2878 1551 2918 ὃὸ
1571 2877 1804 2919 liberaliter

124 2947 174 2976 οι
207 2948 261 2975 eo
280 2949 362 2976 om.
386 2935 428 2974 A
598 2947 652 2976 22
680 2940 753 2976 aut
773 2934 951 2975 hilarem
973 2932 1180 2974 Ruhnken
1200 2948 1210 2974 z
1242 2933 1432 2973 Athilam
1452 2932 1495 2972 A
1516 2946 1525 2973 ε
1555 2946 1604 2973 ac
1625 2932 1800 2973 hilarem

124 2988 354 3086 §jumne
383 2990 424 3030 h.
458 2988 587 3030 Orelli
826 2988 1088 3029 Audesidem
1116 2988 1188 3030 A:
1229 2995 1300 3029 aut
1325 2988 1516 3029 desidem
1543 2986 1604 3030 P:
1639 3000 1689 3028 ac
1710 2988 1800 3029 des.

219 3058 265 3084 m

912 3171 990 3214 ¹¹5
1535 3148 1595 3199 8*
