2014 3444
765 243 1308 315 PROLEGOMENA

207 390 334 450 1834
370 388 616 450 prolatum
651 385 837 449 primus
874 403 988 434 cum
1026 387 1101 434 ed.
1132 389 1206 434 Pr.
1247 384 1456 434 contulit
1492 394 1540 434 et
1576 384 1867 448 insequente

199 493 333 524 anno
360 475 555 538 Lipsiae
580 474 748 523 edidit.

269 565 459 613 Natus¹
493 573 567 612 est
591 562 952 612 Amerbachius
988 580 1029 611 a.
1065 577 1187 625 1495
1218 562 1454 622 Basileae,
1482 561 1716 610 minimus
1749 561 1869 610 filio-

199 670 307 701 rum
374 652 577 702 Ioannis
639 652 958 701 Amerbachii
1018 651 1123 700 eius
1185 651 1271 714 qui
1332 651 1629 715 Hieronymi
1690 650 1869 713 scripta

199 741 368 790 edidit.
443 745 571 790 Puer
605 743 740 804 apud
776 742 1066 791 Conradum
1106 740 1442 800 Leontorium,
1471 739 1865 799 Cisterciensem,

196 831 490 878 adulescens
524 828 866 894 (1507-1509)
905 829 997 877 sub
1034 828 1240 877 Hieron.
1282 827 1526 877 Gebwiler
1568 827 1869 877 Selestadiae

198 919 451 978 educatus,
502 935 618 967 mox
658 918 709 966 in
758 917 1003 966 Basileam
1050 919 1217 977 redux,
1268 917 1543 965 studiorum
1590 916 1660 965 ibi
1715 918 1867 965 duces

197 1005 371 1054 habuit
396 1006 614 1055 eruditos
639 1006 770 1055 uiros
797 1023 922 1069 quos
947 1005 998 1053 in
1024 1007 1232 1054 domum
1258 1023 1397 1054 suam
1422 1014 1560 1068 pater
1583 1006 1868 1067 adsumpse-

195 1103 282 1154 rat,
311 1093 456 1142 simul
482 1094 589 1154 sibi,
618 1094 764 1143 simul
788 1094 899 1143 filiis
923 1103 1281 1157 praeceptores,
1308 1095 1620 1141 Matthaeum
1644 1094 1868 1142 Hadria-

197 1199 326 1243 num,
369 1182 608 1231 Hebraici
650 1182 890 1231 sermonis
932 1181 1158 1245 peritum,
1205 1181 1594 1230 Dominicanum
1634 1184 1866 1230 Ioannem

202 1270 384 1331 Cun02,
409 1271 568 1319 Marci
595 1271 789 1330 Musuri
813 1280 861 1319 et
887 1270 1131 1333 Scipionis
1158 1270 1527 1320 Crateromachi
1552 1270 1864 1333 discipulum,

195 1359 392 1422 linguae
419 1359 624 1408 Latinae
650 1369 698 1408 et
724 1361 943 1408 Graecae
967 1358 1146 1421 pariter
1170 1358 1410 1407 scientem
1429 1377 1442 1419 ,-
1478 1375 1593 1407 cum
1626 1359 1702 1408 his
1729 1359 1865 1425 (nam

196 1447 420 1496 Basileae
444 1450 736 1511 plerumque
769 1447 889 1496 uixit
923 1442 1211 1506 Rhenanus,
1241 1445 1464 1497 Cononis
1491 1449 1709 1496 Graecus
1733 1448 1868 1497 audi-

194 1545 284 1596 tor,
330 1536 476 1585 simul
523 1546 577 1585 ut
624 1538 960 1600 typographeo
1014 1535 1328 1584 Frobeniano
1375 1535 1578 1598 propius
1629 1537 1866 1600 uteretur)

193 1627 406 1674 Beatum
422 1627 715 1674 Rhenanam
743 1625 860 1691 (148
867 1640 957 1688 5-1
968 1623 1100 1689 547),
1123 1641 1287 1687 quem,
1319 1633 1492 1687 utpote
1517 1626 1693 1673 decem
1724 1625 1866 1674 annis

194 1731 247 1763 se
273 1714 524 1774 maiorem,
552 1723 600 1762 et
635 1717 862 1762 doctorem
888 1731 1033 1762 suum
1068 1714 1283 1775 appellat
1312 1721 1360 1761 et
1396 1729 1457 1761 eo
1488 1712 1866 1763 familiarissimo

193 1811 344 1865 atque
368 1802 544 1851 intimo
569 1802 731 1851 amico
758 1819 951 1864 semper
975 1818 1093 1850 usus
1118 1810 1204 1849 est.
1280 1803 1483 1850 Mortuo
1504 1802 1715 1851 Conone
1740 1817 1864 1866 1513

194 1891 556 1940 Amerbachius
594 1891 879 1954 Friborgam
917 1907 969 1939 se
999 1889 1221 1949 contulit,
1249 1889 1417 1952 ibique
1453 1889 1504 1938 in
1530 1891 1683 1940 domo
1721 1893 1874 1940 Vlrici

194 1982 333 2029 Zasii
376 1997 459 2029 sex
505 1997 663 2028 annos
711 1979 802 2028 iuri
857 1978 991 2027 ciuili
1042 1978 1279 2026 incubuit.
1355 1981 1617 2027 Erasmum
1665 1996 1866 2043 quoque

194 2078 335 2117 norat
365 2078 413 2117 et
440 2070 753 2128 Glareanum,
781 2085 992 2131 quorum
1028 2067 1110 2116 hic
1146 2084 1271 2130 opus
1308 2084 1453 2116 suum
1477 2069 1670 2117 Laudes
1692 2071 1867 2117 ffllue-

194 2160 289 2206 tiae
314 2158 358 2206 ei
384 2158 582 2218 dicauit,
609 2157 690 2206 ille
716 2159 848 2205 tanti
867 2157 972 2206 eius
1002 2174 1214 2204 summae
1236 2158 1338 2219 spei
1357 2158 1559 2204 indolem
1579 2158 1709 2219 fecit,
1738 2165 1796 2206 ut
1823 2166 1872 2206 et

192 2249 389 2296 subinde
412 2248 638 2295 laudibus
656 2247 819 2308 ferret
839 2253 886 2294 et
917 2247 1048 2293 inter
1078 2247 1288 2293 eruditos
1309 2246 1507 2307 primas
1540 2262 1645 2293 eum
1681 2256 1866 2310 occupa-

195 2344 360 2385 turum
385 2338 607 2384 coniceret
618 2337 647 2384 3.
712 2338 961 2384 Reuersus
988 2334 1232 2383 Basileam
1265 2343 1371 2382 tum
1404 2334 1519 2383 iuris
1543 2336 1862 2398 professione,

194 2438 301 2477 tum
329 2430 519 2477 Graeca
554 2436 602 2476 et
629 2427 806 2476 Latina
842 2426 1119 2475 eruditione
1144 2425 1280 2474 docti
1316 2442 1500 2474 nomen
1531 2426 1708 2475 meruit
1740 2427 1866 2477 inter

193 2518 439 2579 aequales,
467 2533 630 2578 neque
655 2525 769 2564 ante
794 2532 981 2563 annum
1013 2517 1135 2577 1562
1164 2523 1386 2563 mortuus
1412 2523 1497 2562 est.

265 2607 340 2653 Ex
387 2603 748 2666 subscriptione
797 2619 947 2666 quarn
995 2602 1046 2650 in
1086 2603 1185 2650 fine
1226 2601 1495 2664 apographi
1534 2601 1609 2650 sui
1655 2603 1861 2665 addidit,

196 2693 379 2742 scimus
399 2692 788 2741 Amerbachium
812 2692 864 2740 id
889 2691 1161 2740 confecisse
1187 2692 1324 2739 tertio
1341 2693 1416 2738 Id.
1436 2692 1642 2753 August.
1670 2704 1862 2737 MDXVJ.

251 2787 262 2809 ¹
294 2788 488 2834 Fechter‚
510 2787 589 2825 Die
605 2786 774 2827 Amerb.
797 2785 1011 2835 Abs-christ
1028 2785 1095 2824 des
1120 2785 1165 2825 V.
1186 2784 1238 2825 P.
1259 2798 1299 2834 p.
1321 2797 1359 2834 5.

247 2851 262 2873 2
292 2852 414 2891 Cuno
445 2852 536 2890 siue
567 2852 687 2890 Cono
709 2852 779 2889 uel
809 2852 958 2890 Conon
982 2850 1350 2899 Norimbergensis
1381 2850 1488 2888 duos
1517 2850 1699 2900 amplius
1728 2862 1864 2888 annos

195 2930 291 2956 cum
321 2917 618 2955 Amerbachiis
656 2917 754 2966 egit,
790 2922 1067 2965 mortuusque
1106 2921 1172 2954 est
1210 2915 1405 2953 Basileae
1444 2928 1592 2954 mense
1631 2915 1863 2954 Februario

195 2996 230 3022 a.
257 2994 359 3031 1513
383 2982 598 3032 (Fechter,
622 2995 661 3032 p.
684 2984 742 3032 6).

249 3048 264 3071 ³
295 3048 534 3087 Rhenanus
554 3048 595 3087 in
620 3048 812 3099 Epistula
831 3061 898 3098 ap.
924 3048 1188 3099 Fechterum,
1213 3060 1254 3098 p.
1279 3061 1314 3098 7.

992 3122 1052 3161 xii
