<?xml version="1.0" encoding="UTF-8"?>
<!DOCTYPE html PUBLIC "-//W3C//DTD XHTML 1.0 Transitional//EN"
    "http://www.w3.org/TR/xhtml1/DTD/xhtml1-transitional.dtd">
<html xmlns="http://www.w3.org/1999/xhtml" xml:lang="en" lang="en">
 <head>
  <title>
</title>
<meta http-equiv="Content-Type" content="text/html;charset=utf-8" />
  <meta name='ocr-system' content='tesseract 3.04.00' />
  <meta name='ocr-capabilities' content='ocr_page ocr_carea ocr_par ocr_line ocrx_word'/>
</head>
<body>
  <div class='ocr_page' id='page_1' title='image "admviniciumlibri00velluoft_0072.png"; bbox 0 0 2014 3392; ppageno 0'>
   <div class='ocr_carea' id='block_1_1' title="bbox 700 164 1402 214">
    <p class='ocr_par' dir='ltr' id='par_1_1' title="bbox 700 164 1402 214">
     <span class='ocr_line' id='line_1_1' title="bbox 700 164 1402 214; baseline 0.001 -3"><span class='ocrx_word' id='word_1_1' title='bbox 700 165 958 213; x_wconf 91' lang='lat' dir='ltr'>VELLEI</span> <span class='ocrx_word' id='word_1_2' title='bbox 1000 164 1402 214; x_wconf 92' lang='lat' dir='ltr'>PATERCVLI</span> 
     </span>
    </p>
   </div>
   <div class='ocr_carea' id='block_1_2' title="bbox 131 302 2014 2636">
    <p class='ocr_par' dir='ltr' id='par_1_2' title="bbox 163 302 1993 770">
     <span class='ocr_line' id='line_1_2' title="bbox 163 302 1875 366; baseline -0.001 -15"><span class='ocrx_word' id='word_1_3' title='bbox 163 326 188 363; x_wconf 87' lang='lat'><strong>4</strong></span> <span class='ocrx_word' id='word_1_4' title='bbox 215 302 343 351; x_wconf 89' lang='lat' dir='ltr'>Mari</span> <span class='ocrx_word' id='word_1_5' title='bbox 386 302 676 366; x_wconf 89' lang='lat' dir='ltr'>Cinnaeque</span> <span class='ocrx_word' id='word_1_6' title='bbox 723 305 982 352; x_wconf 92' lang='lat' dir='ltr'>confossus</span> <span class='ocrx_word' id='word_1_7' title='bbox 1023 311 1109 351; x_wconf 86' lang='lat' dir='ltr'>est.</span> <span class='ocrx_word' id='word_1_8' title='bbox 1206 304 1267 364; x_wconf 90' lang='lat' dir='ltr'>Q.</span> <span class='ocrx_word' id='word_1_9' title='bbox 1314 304 1534 363; x_wconf 83' lang='lat' dir='ltr'>Catulus,</span> <span class='ocrx_word' id='word_1_10' title='bbox 1578 311 1627 351; x_wconf 93' lang='lat' dir='ltr'>et</span> <span class='ocrx_word' id='word_1_11' title='bbox 1672 302 1875 351; x_wconf 91' lang='lat' dir='ltr'>aliarum</span> 
     </span>
     <span class='ocr_line' id='line_1_3' title="bbox 213 383 1878 447; baseline -0.001 -15"><span class='ocrx_word' id='word_1_12' title='bbox 213 384 450 433; x_wconf 92' lang='lat' dir='ltr'>uirtutum</span> <span class='ocrx_word' id='word_1_13' title='bbox 475 393 523 433; x_wconf 91' lang='lat' dir='ltr'>et</span> <span class='ocrx_word' id='word_1_14' title='bbox 548 383 665 433; x_wconf 93' lang='lat' dir='ltr'>belli</span> <span class='ocrx_word' id='word_1_15' title='bbox 690 383 927 434; x_wconf 88' lang='lat' dir='ltr'>Cimbrici</span> <span class='ocrx_word' id='word_1_16' title='bbox 958 383 1123 447; x_wconf 87' lang='lat' dir='ltr'>gloria,</span> <span class='ocrx_word' id='word_1_17' title='bbox 1151 400 1278 446; x_wconf 90' lang='lat' dir='ltr'>quae</span> <span class='ocrx_word' id='word_1_18' title='bbox 1309 383 1378 431; x_wconf 91' lang='lat' dir='ltr'>illi</span> <span class='ocrx_word' id='word_1_19' title='bbox 1411 400 1525 432; x_wconf 91' lang='lat' dir='ltr'>cum</span> <span class='ocrx_word' id='word_1_20' title='bbox 1557 383 1718 432; x_wconf 89' lang='lat' dir='ltr'>Mario</span> <span class='ocrx_word' id='word_1_21' title='bbox 1747 399 1878 431; x_wconf 90' lang='lat' dir='ltr'>com-</span> 
     </span>
     <span class='ocr_line' id='line_1_4' title="bbox 214 464 1875 527; baseline -0.001 -14"><span class='ocrx_word' id='word_1_22' title='bbox 214 464 377 514; x_wconf 91' lang='lat' dir='ltr'>munis</span> <span class='ocrx_word' id='word_1_23' title='bbox 407 467 576 525; x_wconf 87' lang='lat' dir='ltr'>fuerat,</span> <span class='ocrx_word' id='word_1_24' title='bbox 613 465 973 524; x_wconf 90' lang='lat' dir='ltr'>celeberrimus,</span> <span class='ocrx_word' id='word_1_25' title='bbox 1001 482 1115 513; x_wconf 90' lang='lat' dir='ltr'>cum</span> <span class='ocrx_word' id='word_1_26' title='bbox 1144 466 1209 513; x_wconf 88' lang='lat' dir='ltr'>ad</span> <span class='ocrx_word' id='word_1_27' title='bbox 1247 474 1458 513; x_wconf 91' lang='lat' dir='ltr'>mortem</span> <span class='ocrx_word' id='word_1_28' title='bbox 1494 464 1875 527; x_wconf 88' lang='lat' dir='ltr'>conquireretur,</span> 
     </span>
     <span class='ocr_line' id='line_1_5' title="bbox 214 544 1879 609; baseline -0.002 -14"><span class='ocrx_word' id='word_1_29' title='bbox 214 545 457 595; x_wconf 84' lang='lat' dir='ltr'>conclusit</span> <span class='ocrx_word' id='word_1_30' title='bbox 482 563 534 595; x_wconf 92' lang='lat' dir='ltr'>se</span> <span class='ocrx_word' id='word_1_31' title='bbox 558 547 670 595; x_wconf 91' lang='lat' dir='ltr'>loco</span> <span class='ocrx_word' id='word_1_32' title='bbox 695 563 852 609; x_wconf 82' lang='lat' dir='ltr'>nuper</span> <span class='ocrx_word' id='word_1_33' title='bbox 876 547 1010 594; x_wconf 92' lang='lat' dir='ltr'>calce</span> <span class='ocrx_word' id='word_1_34' title='bbox 1043 547 1324 608; x_wconf 81' lang='lat' dir='ltr'>harenaque</span> <span class='ocrx_word' id='word_1_35' title='bbox 1353 545 1596 608; x_wconf 92' lang='lat' dir='ltr'>perpolito</span> <span class='ocrx_word' id='word_1_36' title='bbox 1625 544 1879 607; x_wconf 89' lang='lat' dir='ltr'>inlatoque</span> 
     </span>
     <span class='ocr_line' id='line_1_6' title="bbox 214 614 1993 689; baseline 0.001 -15"><span class='ocrx_word' id='word_1_37' title='bbox 214 625 328 689; x_wconf 88' lang='lat' dir='ltr'>igni,</span> <span class='ocrx_word' id='word_1_38' title='bbox 363 626 448 689; x_wconf 91' lang='lat' dir='ltr'>qui</span> <span class='ocrx_word' id='word_1_39' title='bbox 483 626 586 675; x_wconf 91' lang='lat' dir='ltr'>uim</span> <span class='ocrx_word' id='word_1_40' title='bbox 619 627 785 675; x_wconf 90' lang='lat' dir='ltr'>odoris</span> <span class='ocrx_word' id='word_1_41' title='bbox 814 626 1057 686; x_wconf 87' lang='lat' dir='ltr'>excitaret,</span> <span class='ocrx_word' id='word_1_42' title='bbox 1089 625 1235 674; x_wconf 88' lang='lat' dir='ltr'>simul</span> <span class='ocrx_word' id='word_1_43' title='bbox 1270 625 1450 674; x_wconf 90' lang='lat' dir='ltr'>exitiali</span> <span class='ocrx_word' id='word_1_44' title='bbox 1478 627 1655 674; x_wconf 90' lang='lat' dir='ltr'>hausto</span> <span class='ocrx_word' id='word_1_45' title='bbox 1692 624 1876 688; x_wconf 88' lang='lat' dir='ltr'>spiritu,</span> <span class='ocrx_word' id='word_1_46' title='bbox 1904 638 1924 676; x_wconf 87' lang='lat'>5</span> <span class='ocrx_word' id='word_1_47' title='bbox 1991 614 1993 642; x_wconf 60' lang='lat'>³</span> 
     </span>
     <span class='ocr_line' id='line_1_7' title="bbox 214 704 1880 770; baseline -0.002 -14"><span class='ocrx_word' id='word_1_48' title='bbox 214 707 361 756; x_wconf 89' lang='lat' dir='ltr'>simul</span> <span class='ocrx_word' id='word_1_49' title='bbox 386 707 578 756; x_wconf 93' lang='lat' dir='ltr'>incluso</span> <span class='ocrx_word' id='word_1_50' title='bbox 608 724 713 767; x_wconf 89' lang='lat' dir='ltr'>suo,</span> <span class='ocrx_word' id='word_1_51' title='bbox 741 717 951 756; x_wconf 91' lang='lat' dir='ltr'>mortem</span> <span class='ocrx_word' id='word_1_52' title='bbox 980 706 1134 770; x_wconf 89' lang='lat' dir='ltr'>magis</span> <span class='ocrx_word' id='word_1_53' title='bbox 1166 716 1287 756; x_wconf 92' lang='lat' dir='ltr'>uoto</span> <span class='ocrx_word' id='word_1_54' title='bbox 1320 724 1470 769; x_wconf 90' lang='lat' dir='ltr'>quam</span> <span class='ocrx_word' id='word_1_55' title='bbox 1494 706 1694 755; x_wconf 91' lang='lat' dir='ltr'>arbitrio</span> <span class='ocrx_word' id='word_1_56' title='bbox 1722 704 1880 754; x_wconf 87' lang='lat' dir='ltr'>inimi-</span> 
     </span>
    </p>

    <p class='ocr_par' dir='ltr' id='par_1_3' title="bbox 168 787 1958 1336">
     <span class='ocr_line' id='line_1_8' title="bbox 168 787 1879 852; baseline 0 -16"><span class='ocrx_word' id='word_1_57' title='bbox 168 814 189 852; x_wconf 77' lang='lat'>5</span> <span class='ocrx_word' id='word_1_58' title='bbox 215 804 387 837; x_wconf 91' lang='lat' dir='ltr'>corum</span> <span class='ocrx_word' id='word_1_59' title='bbox 429 788 563 837; x_wconf 90' lang='lat' dir='ltr'>obiit.</span> <span class='ocrx_word' id='word_1_60' title='bbox 651 788 820 837; x_wconf 88' lang='lat' dir='ltr'>omnia</span> <span class='ocrx_word' id='word_1_61' title='bbox 861 797 998 837; x_wconf 86' lang='lat' dir='ltr'>erant</span> <span class='ocrx_word' id='word_1_62' title='bbox 1038 787 1323 851; x_wconf 90' lang='lat' dir='ltr'>praecipitia</span> <span class='ocrx_word' id='word_1_63' title='bbox 1362 788 1413 836; x_wconf 91' lang='lat' dir='ltr'>in</span> <span class='ocrx_word' id='word_1_64' title='bbox 1449 805 1500 837; x_wconf 92' lang='lat' dir='ltr'>re</span> <span class='ocrx_word' id='word_1_65' title='bbox 1535 787 1748 851; x_wconf 91' lang='lat' dir='ltr'>publica,</span> <span class='ocrx_word' id='word_1_66' title='bbox 1786 804 1879 836; x_wconf 90' lang='lat' dir='ltr'>nec</span> 
     </span>
     <span class='ocr_line' id='line_1_9' title="bbox 215 867 1880 932; baseline 0 -16"><span class='ocrx_word' id='word_1_67' title='bbox 215 878 382 917; x_wconf 89' lang='lat' dir='ltr'>tamen</span> <span class='ocrx_word' id='word_1_68' title='bbox 406 870 570 917; x_wconf 91' lang='lat' dir='ltr'>adhuc</span> <span class='ocrx_word' id='word_1_69' title='bbox 595 868 857 931; x_wconf 91' lang='lat' dir='ltr'>quisquam</span> <span class='ocrx_word' id='word_1_70' title='bbox 876 867 1232 928; x_wconf 89' lang='lat' dir='ltr'>inueniebatur‚</span> <span class='ocrx_word' id='word_1_71' title='bbox 1255 868 1340 932; x_wconf 92' lang='lat' dir='ltr'>qui</span> <span class='ocrx_word' id='word_1_72' title='bbox 1364 869 1498 917; x_wconf 91' lang='lat' dir='ltr'>bona</span> <span class='ocrx_word' id='word_1_73' title='bbox 1521 868 1643 917; x_wconf 89' lang='lat' dir='ltr'>ciuis</span> <span class='ocrx_word' id='word_1_74' title='bbox 1663 868 1880 917; x_wconf 91' lang='lat' dir='ltr'>Romani</span> 
     </span>
     <span class='ocr_line' id='line_1_10' title="bbox 215 949 1881 1013; baseline 0.001 -16"><span class='ocrx_word' id='word_1_75' title='bbox 215 959 299 997; x_wconf 92' lang='lat' dir='ltr'>aut</span> <span class='ocrx_word' id='word_1_76' title='bbox 325 950 509 998; x_wconf 89' lang='lat' dir='ltr'>donare</span> <span class='ocrx_word' id='word_1_77' title='bbox 537 951 740 998; x_wconf 85' lang='lat' dir='ltr'>auderet</span> <span class='ocrx_word' id='word_1_78' title='bbox 764 959 848 998; x_wconf 92' lang='lat' dir='ltr'>aut</span> <span class='ocrx_word' id='word_1_79' title='bbox 872 958 1038 1012; x_wconf 90' lang='lat' dir='ltr'>petere</span> <span class='ocrx_word' id='word_1_80' title='bbox 1063 949 1335 998; x_wconf 90' lang='lat' dir='ltr'>sustineret.</span> <span class='ocrx_word' id='word_1_81' title='bbox 1407 959 1581 1012; x_wconf 91' lang='lat' dir='ltr'>postea</span> <span class='ocrx_word' id='word_1_82' title='bbox 1603 949 1655 999; x_wconf 90' lang='lat' dir='ltr'>id</span> <span class='ocrx_word' id='word_1_83' title='bbox 1680 966 1881 1013; x_wconf 92' lang='lat' dir='ltr'>quoque</span> 
     </span>
     <span class='ocr_line' id='line_1_11' title="bbox 215 1029 1958 1093; baseline 0.001 -16"><span class='ocrx_word' id='word_1_84' title='bbox 215 1029 435 1089; x_wconf 89' lang='lat' dir='ltr'>accessit,</span> <span class='ocrx_word' id='word_1_85' title='bbox 476 1039 529 1078; x_wconf 92' lang='lat' dir='ltr'>ut</span> <span class='ocrx_word' id='word_1_86' title='bbox 571 1029 804 1078; x_wconf 90' lang='lat' dir='ltr'>saeuitiae</span> <span class='ocrx_word' id='word_1_87' title='bbox 842 1047 1041 1078; x_wconf 91' lang='lat' dir='ltr'>causam</span> <span class='ocrx_word' id='word_1_88' title='bbox 1082 1029 1286 1078; x_wconf 88' lang='lat' dir='ltr'>auaritia</span> <span class='ocrx_word' id='word_1_89' title='bbox 1325 1031 1581 1093; x_wconf 90' lang='lat' dir='ltr'>praeberet</span> <span class='ocrx_word' id='word_1_90' title='bbox 1616 1040 1665 1079; x_wconf 92' lang='lat' dir='ltr'>et</span> <span class='ocrx_word' id='word_1_91' title='bbox 1700 1032 1880 1079; x_wconf 91' lang='lat' dir='ltr'>modus</span> <span class='ocrx_word' id='word_1_92' title='bbox 1909 1043 1958 1071; x_wconf 91' lang='lat'>10</span> 
     </span>
     <span class='ocr_line' id='line_1_12' title="bbox 217 1110 1882 1174; baseline 0.001 -16"><span class='ocrx_word' id='word_1_93' title='bbox 217 1111 392 1172; x_wconf 86' lang='lat' dir='ltr'>culpae</span> <span class='ocrx_word' id='word_1_94' title='bbox 439 1127 498 1158; x_wconf 89' lang='lat' dir='ltr'>ex</span> <span class='ocrx_word' id='word_1_95' title='bbox 548 1110 789 1173; x_wconf 88' lang='lat' dir='ltr'>pecuniae</span> <span class='ocrx_word' id='word_1_96' title='bbox 836 1111 990 1159; x_wconf 91' lang='lat' dir='ltr'>modo</span> <span class='ocrx_word' id='word_1_97' title='bbox 1042 1110 1420 1159; x_wconf 89' lang='lat' dir='ltr'>constitueretur</span> <span class='ocrx_word' id='word_1_98' title='bbox 1474 1120 1522 1159; x_wconf 92' lang='lat' dir='ltr'>et</span> <span class='ocrx_word' id='word_1_99' title='bbox 1580 1110 1665 1174; x_wconf 93' lang='lat' dir='ltr'>qui</span> <span class='ocrx_word' id='word_1_100' title='bbox 1711 1110 1882 1160; x_wconf 89' lang='lat' dir='ltr'>fuisset</span> 
     </span>
     <span class='ocr_line' id='line_1_13' title="bbox 216 1191 1881 1255; baseline 0.001 -15"><span class='ocrx_word' id='word_1_101' title='bbox 216 1193 452 1254; x_wconf 91' lang='lat' dir='ltr'>locuples,</span> <span class='ocrx_word' id='word_1_102' title='bbox 479 1193 616 1240; x_wconf 91' lang='lat' dir='ltr'>fieret</span> <span class='ocrx_word' id='word_1_103' title='bbox 639 1191 680 1240; x_wconf 90' lang='lat' dir='ltr'>is</span> <span class='ocrx_word' id='word_1_104' title='bbox 713 1208 913 1251; x_wconf 90' lang='lat' dir='ltr'>nocens,</span> <span class='ocrx_word' id='word_1_105' title='bbox 942 1191 1017 1240; x_wconf 92' lang='lat' dir='ltr'>sui</span> <span class='ocrx_word' id='word_1_106' title='bbox 1046 1191 1255 1255; x_wconf 92' lang='lat' dir='ltr'>quisque</span> <span class='ocrx_word' id='word_1_107' title='bbox 1283 1191 1487 1254; x_wconf 91' lang='lat' dir='ltr'>periculi</span> <span class='ocrx_word' id='word_1_108' title='bbox 1519 1208 1706 1241; x_wconf 91' lang='lat' dir='ltr'>merces</span> <span class='ocrx_word' id='word_1_109' title='bbox 1742 1194 1881 1253; x_wconf 90' lang='lat' dir='ltr'>foret,</span> 
     </span>
     <span class='ocr_line' id='line_1_14' title="bbox 218 1271 1768 1336; baseline 0.001 -16"><span class='ocrx_word' id='word_1_110' title='bbox 218 1289 311 1320; x_wconf 92' lang='lat' dir='ltr'>nec</span> <span class='ocrx_word' id='word_1_111' title='bbox 336 1271 609 1335; x_wconf 91' lang='lat' dir='ltr'>quidquam</span> <span class='ocrx_word' id='word_1_112' title='bbox 634 1271 882 1321; x_wconf 91' lang='lat' dir='ltr'>uideretur</span> <span class='ocrx_word' id='word_1_113' title='bbox 906 1281 1060 1335; x_wconf 89' lang='lat' dir='ltr'>turpe,</span> <span class='ocrx_word' id='word_1_114' title='bbox 1088 1273 1226 1335; x_wconf 92' lang='lat' dir='ltr'>quod</span> <span class='ocrx_word' id='word_1_115' title='bbox 1250 1281 1378 1321; x_wconf 91' lang='lat' dir='ltr'>esset</span> <span class='ocrx_word' id='word_1_116' title='bbox 1402 1282 1768 1336; x_wconf 87' lang='lat' dir='ltr'>quaestuosum.</span> 
     </span>
    </p>

    <p class='ocr_par' dir='ltr' id='par_1_4' title="bbox 131 1353 2001 1576">
     <span class='ocr_line' id='line_1_15' title="bbox 131 1353 1882 1421; baseline 0.001 -19"><span class='ocrx_word' id='word_1_117' title='bbox 131 1374 195 1421; x_wconf 88' lang='lat'>23</span> <span class='ocrx_word' id='word_1_118' title='bbox 286 1355 572 1402; x_wconf 89' lang='lat' dir='ltr'>Secundum</span> <span class='ocrx_word' id='word_1_119' title='bbox 597 1353 780 1402; x_wconf 91' lang='lat' dir='ltr'>deinde</span> <span class='ocrx_word' id='word_1_120' title='bbox 804 1355 1117 1402; x_wconf 88' lang='lat' dir='ltr'>consulatum</span> <span class='ocrx_word' id='word_1_121' title='bbox 1142 1353 1306 1404; x_wconf 89' lang='lat' dir='ltr'>Cinna</span> <span class='ocrx_word' id='word_1_122' title='bbox 1329 1363 1377 1402; x_wconf 94' lang='lat' dir='ltr'>et</span> <span class='ocrx_word' id='word_1_123' title='bbox 1402 1354 1667 1417; x_wconf 90' lang='lat' dir='ltr'>septimum</span> <span class='ocrx_word' id='word_1_124' title='bbox 1694 1354 1882 1403; x_wconf 87' lang='lat' dir='ltr'>Marius</span> 
     </span>
     <span class='ocr_line' id='line_1_16' title="bbox 218 1433 2001 1498; baseline 0.001 -15"><span class='ocrx_word' id='word_1_125' title='bbox 218 1435 270 1484; x_wconf 92' lang='lat' dir='ltr'>in</span> <span class='ocrx_word' id='word_1_126' title='bbox 316 1433 534 1498; x_wconf 92' lang='lat' dir='ltr'>priorum</span> <span class='ocrx_word' id='word_1_127' title='bbox 582 1436 800 1483; x_wconf 87' lang='lat' dir='ltr'>dedecus</span> <span class='ocrx_word' id='word_1_128' title='bbox 846 1434 967 1494; x_wconf 91' lang='lat' dir='ltr'>iniit,</span> <span class='ocrx_word' id='word_1_129' title='bbox 1018 1434 1156 1483; x_wconf 91' lang='lat' dir='ltr'>cuius</span> <span class='ocrx_word' id='word_1_130' title='bbox 1203 1434 1344 1483; x_wconf 89' lang='lat' dir='ltr'>initio</span> <span class='ocrx_word' id='word_1_131' title='bbox 1395 1435 1571 1484; x_wconf 90' lang='lat' dir='ltr'>morbo</span> <span class='ocrx_word' id='word_1_132' title='bbox 1619 1452 1881 1498; x_wconf 90' lang='lat' dir='ltr'>oppressus</span> <span class='ocrx_word' id='word_1_133' title='bbox 1909 1451 1956 1492; x_wconf 87' lang='lat'>15</span> <span class='ocrx_word' id='word_1_134' title='bbox 2000 1463 2001 1466; x_wconf 63' lang='lat'><em>=</em></span> 
     </span>
     <span class='ocr_line' id='line_1_17' title="bbox 220 1515 1882 1576; baseline -0.001 -10"><span class='ocrx_word' id='word_1_135' title='bbox 220 1516 445 1576; x_wconf 90' lang='lat' dir='ltr'>decessit,</span> <span class='ocrx_word' id='word_1_136' title='bbox 473 1515 547 1564; x_wconf 91' lang='lat' dir='ltr'>uir</span> <span class='ocrx_word' id='word_1_137' title='bbox 571 1515 621 1564; x_wconf 91' lang='lat' dir='ltr'>in</span> <span class='ocrx_word' id='word_1_138' title='bbox 655 1517 787 1564; x_wconf 94' lang='lat' dir='ltr'>bello</span> <span class='ocrx_word' id='word_1_139' title='bbox 822 1515 1063 1575; x_wconf 90' lang='lat' dir='ltr'>hostibus,</span> <span class='ocrx_word' id='word_1_140' title='bbox 1098 1515 1148 1564; x_wconf 93' lang='lat' dir='ltr'>in</span> <span class='ocrx_word' id='word_1_141' title='bbox 1179 1515 1281 1564; x_wconf 93' lang='lat' dir='ltr'>otio</span> <span class='ocrx_word' id='word_1_142' title='bbox 1313 1515 1506 1564; x_wconf 91' lang='lat' dir='ltr'>ciuibus</span> <span class='ocrx_word' id='word_1_143' title='bbox 1539 1516 1882 1565; x_wconf 89' lang='lat' dir='ltr'>infestissimus</span> 
     </span>
    </p>

    <p class='ocr_par' dir='ltr' id='par_1_5' title="bbox 175 1595 1888 1823">
     <span class='ocr_line' id='line_1_18' title="bbox 175 1595 1884 1661; baseline -0.001 -14"><span class='ocrx_word' id='word_1_144' title='bbox 175 1622 194 1648; x_wconf 84' lang='lat'>2</span> <span class='ocrx_word' id='word_1_145' title='bbox 221 1597 500 1661; x_wconf 90' lang='lat' dir='ltr'>quietisque</span> <span class='ocrx_word' id='word_1_146' title='bbox 562 1595 1012 1659; x_wconf 88' lang='lat' dir='ltr'>inpatientissimus.</span> <span class='ocrx_word' id='word_1_147' title='bbox 1108 1595 1159 1644; x_wconf 92' lang='lat' dir='ltr'>in</span> <span class='ocrx_word' id='word_1_148' title='bbox 1218 1595 1363 1645; x_wconf 91' lang='lat' dir='ltr'>huius</span> <span class='ocrx_word' id='word_1_149' title='bbox 1427 1598 1594 1645; x_wconf 90' lang='lat' dir='ltr'>locum</span> <span class='ocrx_word' id='word_1_150' title='bbox 1652 1599 1884 1646; x_wconf 89' lang='lat' dir='ltr'>suffectus</span> 
     </span>
     <span class='ocr_line' id='line_1_19' title="bbox 221 1676 1885 1741; baseline 0.001 -15"><span class='ocrx_word' id='word_1_151' title='bbox 221 1678 445 1728; x_wconf 89' lang='lat' dir='ltr'>Valerius</span> <span class='ocrx_word' id='word_1_152' title='bbox 479 1680 699 1738; x_wconf 88' lang='lat' dir='ltr'>Flaccus,</span> <span class='ocrx_word' id='word_1_153' title='bbox 726 1677 1036 1741; x_wconf 87' lang='lat' dir='ltr'>turpissimae</span> <span class='ocrx_word' id='word_1_154' title='bbox 1068 1676 1187 1740; x_wconf 91' lang='lat' dir='ltr'>legis</span> <span class='ocrx_word' id='word_1_155' title='bbox 1219 1686 1403 1737; x_wconf 88' lang='lat' dir='ltr'>auctor,</span> <span class='ocrx_word' id='word_1_156' title='bbox 1431 1694 1529 1741; x_wconf 91' lang='lat' dir='ltr'>qua</span> <span class='ocrx_word' id='word_1_157' title='bbox 1561 1678 1885 1728; x_wconf 91' lang='lat' dir='ltr'>creditoribus</span> 
     </span>
     <span class='ocr_line' id='line_1_20' title="bbox 220 1758 1888 1823; baseline 0 -15"><span class='ocrx_word' id='word_1_158' title='bbox 220 1761 546 1823; x_wconf 90' lang='lat' dir='ltr'>quadrantem</span> <span class='ocrx_word' id='word_1_159' title='bbox 589 1758 715 1808; x_wconf 92' lang='lat' dir='ltr'>solui</span> <span class='ocrx_word' id='word_1_160' title='bbox 756 1758 974 1818; x_wconf 89' lang='lat' dir='ltr'>iusserat,</span> <span class='ocrx_word' id='word_1_161' title='bbox 1019 1758 1158 1807; x_wconf 92' lang='lat' dir='ltr'>cuius</span> <span class='ocrx_word' id='word_1_162' title='bbox 1199 1758 1315 1806; x_wconf 91' lang='lat' dir='ltr'>facti</span> <span class='ocrx_word' id='word_1_163' title='bbox 1356 1758 1529 1807; x_wconf 89' lang='lat' dir='ltr'>merita</span> <span class='ocrx_word' id='word_1_164' title='bbox 1569 1776 1683 1808; x_wconf 93' lang='lat' dir='ltr'>eum</span> <span class='ocrx_word' id='word_1_165' title='bbox 1724 1776 1888 1822; x_wconf 92' lang='lat' dir='ltr'>poena</span> 
     </span>
    </p>

    <p class='ocr_par' dir='ltr' id='par_1_6' title="bbox 177 1827 2014 2312">
     <span class='ocr_line' id='line_1_21' title="bbox 177 1827 2007 1890; baseline -0.001 0"><span class='ocrx_word' id='word_1_166' title='bbox 177 1853 198 1890; x_wconf 84' lang='lat'>3</span> <span class='ocrx_word' id='word_1_167' title='bbox 220 1841 347 1889; x_wconf 92' lang='lat' dir='ltr'>intra</span> <span class='ocrx_word' id='word_1_168' title='bbox 377 1839 635 1889; x_wconf 90' lang='lat' dir='ltr'>biennium</span> <span class='ocrx_word' id='word_1_169' title='bbox 671 1849 940 1888; x_wconf 90' lang='lat' dir='ltr'>consecuta</span> <span class='ocrx_word' id='word_1_170' title='bbox 974 1848 1059 1888; x_wconf 90' lang='lat' dir='ltr'>est.</span> <span class='ocrx_word' id='word_1_171' title='bbox 1134 1838 1423 1888; x_wconf 89' lang='lat' dir='ltr'>dominante</span> <span class='ocrx_word' id='word_1_172' title='bbox 1458 1839 1508 1887; x_wconf 93' lang='lat' dir='ltr'>in</span> <span class='ocrx_word' id='word_1_173' title='bbox 1546 1839 1689 1888; x_wconf 89' lang='lat' dir='ltr'>Italia</span> <span class='ocrx_word' id='word_1_174' title='bbox 1725 1840 1888 1890; x_wconf 90' lang='lat' dir='ltr'>Cinna</span> <span class='ocrx_word' id='word_1_175' title='bbox 1913 1855 1963 1883; x_wconf 87' lang='lat'>20</span> <span class='ocrx_word' id='word_1_176' title='bbox 2002 1827 2007 1847; x_wconf 61' lang='lat'>⁵</span> 
     </span>
     <span class='ocr_line' id='line_1_22' title="bbox 222 1920 1888 1985; baseline 0 -14"><span class='ocrx_word' id='word_1_177' title='bbox 222 1922 377 1972; x_wconf 89' lang='lat' dir='ltr'>maior</span> <span class='ocrx_word' id='word_1_178' title='bbox 416 1939 527 1985; x_wconf 92' lang='lat' dir='ltr'>pars</span> <span class='ocrx_word' id='word_1_179' title='bbox 574 1921 843 1970; x_wconf 88' lang='lat' dir='ltr'>nobilitatis</span> <span class='ocrx_word' id='word_1_180' title='bbox 884 1922 949 1970; x_wconf 90' lang='lat' dir='ltr'>ad</span> <span class='ocrx_word' id='word_1_181' title='bbox 996 1922 1182 1969; x_wconf 88' lang='lat' dir='ltr'>Sullam</span> <span class='ocrx_word' id='word_1_182' title='bbox 1220 1920 1271 1968; x_wconf 94' lang='lat' dir='ltr'>in</span> <span class='ocrx_word' id='word_1_183' title='bbox 1318 1920 1559 1969; x_wconf 89' lang='lat' dir='ltr'>Achaiam</span> <span class='ocrx_word' id='word_1_184' title='bbox 1600 1938 1658 1970; x_wconf 92' lang='lat' dir='ltr'>ac</span> <span class='ocrx_word' id='word_1_185' title='bbox 1705 1921 1888 1971; x_wconf 91' lang='lat' dir='ltr'>deinde</span> 
     </span>
     <span class='ocr_line' id='line_1_23' title="bbox 221 2001 1888 2067; baseline -0.001 -14"><span class='ocrx_word' id='word_1_186' title='bbox 221 2013 334 2067; x_wconf 91' lang='lat' dir='ltr'>post</span> <span class='ocrx_word' id='word_1_187' title='bbox 381 2003 432 2052; x_wconf 92' lang='lat' dir='ltr'>in</span> <span class='ocrx_word' id='word_1_188' title='bbox 474 2003 646 2052; x_wconf 93' lang='lat' dir='ltr'>Asiam</span> <span class='ocrx_word' id='word_1_189' title='bbox 687 2002 909 2066; x_wconf 86' lang='lat' dir='ltr'>perfugit.</span> <span class='ocrx_word' id='word_1_190' title='bbox 1006 2004 1140 2051; x_wconf 90' lang='lat' dir='ltr'>Sulla</span> <span class='ocrx_word' id='word_1_191' title='bbox 1180 2001 1375 2050; x_wconf 91' lang='lat' dir='ltr'>interim</span> <span class='ocrx_word' id='word_1_192' title='bbox 1423 2019 1537 2051; x_wconf 93' lang='lat' dir='ltr'>cum</span> <span class='ocrx_word' id='word_1_193' title='bbox 1588 2002 1888 2052; x_wconf 91' lang='lat' dir='ltr'>Mithridatis</span> 
     </span>
     <span class='ocr_line' id='line_1_24' title="bbox 222 2083 1890 2149; baseline -0.001 -15"><span class='ocrx_word' id='word_1_194' title='bbox 222 2085 480 2149; x_wconf 90' lang='lat' dir='ltr'>praefectis</span> <span class='ocrx_word' id='word_1_195' title='bbox 519 2084 647 2133; x_wconf 89' lang='lat' dir='ltr'>circa</span> <span class='ocrx_word' id='word_1_196' title='bbox 682 2086 904 2133; x_wconf 89' lang='lat' dir='ltr'>Athenas</span> <span class='ocrx_word' id='word_1_197' title='bbox 948 2083 1308 2147; x_wconf 89' lang='lat' dir='ltr'>Boeotiamque</span> <span class='ocrx_word' id='word_1_198' title='bbox 1346 2093 1394 2132; x_wconf 93' lang='lat' dir='ltr'>et</span> <span class='ocrx_word' id='word_1_199' title='bbox 1435 2084 1787 2133; x_wconf 91' lang='lat' dir='ltr'>Macedoniam</span> <span class='ocrx_word' id='word_1_200' title='bbox 1823 2084 1890 2132; x_wconf 88' lang='lat' dir='ltr'>ita</span> 
     </span>
     <span class='ocr_line' id='line_1_25' title="bbox 225 2164 1891 2228; baseline -0.002 -12"><span class='ocrx_word' id='word_1_201' title='bbox 225 2166 492 2226; x_wconf 87' lang='lat' dir='ltr'>dimicauit,</span> <span class='ocrx_word' id='word_1_202' title='bbox 532 2175 586 2214; x_wconf 93' lang='lat' dir='ltr'>ut</span> <span class='ocrx_word' id='word_1_203' title='bbox 624 2175 672 2215; x_wconf 92' lang='lat' dir='ltr'>et</span> <span class='ocrx_word' id='word_1_204' title='bbox 708 2167 930 2214; x_wconf 89' lang='lat' dir='ltr'>Athenas</span> <span class='ocrx_word' id='word_1_205' title='bbox 966 2165 1202 2228; x_wconf 91' lang='lat' dir='ltr'>reciperet</span> <span class='ocrx_word' id='word_1_206' title='bbox 1237 2175 1286 2214; x_wconf 90' lang='lat' dir='ltr'>et</span> <span class='ocrx_word' id='word_1_207' title='bbox 1320 2164 1532 2228; x_wconf 88' lang='lat' dir='ltr'>plurimo</span> <span class='ocrx_word' id='word_1_208' title='bbox 1568 2165 1697 2214; x_wconf 89' lang='lat' dir='ltr'>circa</span> <span class='ocrx_word' id='word_1_209' title='bbox 1732 2165 1891 2214; x_wconf 89' lang='lat' dir='ltr'>multi—</span> 
     </span>
     <span class='ocr_line' id='line_1_26' title="bbox 224 2245 2014 2312; baseline 0 -16"><span class='ocrx_word' id='word_1_210' title='bbox 224 2248 365 2312; x_wconf 92' lang='lat' dir='ltr'>plicis</span> <span class='ocrx_word' id='word_1_211' title='bbox 407 2246 565 2296; x_wconf 90' lang='lat' dir='ltr'>Piraei</span> <span class='ocrx_word' id='word_1_212' title='bbox 605 2256 775 2310; x_wconf 90' lang='lat' dir='ltr'>portus</span> <span class='ocrx_word' id='word_1_213' title='bbox 811 2245 1112 2295; x_wconf 88' lang='lat' dir='ltr'>munitiones</span> <span class='ocrx_word' id='word_1_214' title='bbox 1147 2246 1316 2294; x_wconf 89' lang='lat' dir='ltr'>labore</span> <span class='ocrx_word' id='word_1_215' title='bbox 1351 2247 1545 2308; x_wconf 88' lang='lat' dir='ltr'>expleto</span> <span class='ocrx_word' id='word_1_216' title='bbox 1580 2245 1791 2309; x_wconf 90' lang='lat' dir='ltr'>amplius</span> <span class='ocrx_word' id='word_1_217' title='bbox 1827 2261 1890 2295; x_wconf 88' lang='lat' dir='ltr'>cc</span> <span class='ocrx_word' id='word_1_218' title='bbox 1915 2255 1962 2296; x_wconf 85' lang='lat'>²5</span> <span class='ocrx_word' id='word_1_219' title='bbox 2000 2259 2014 2310; x_wconf 53' lang='grc' dir='ltr'>ἦ·</span> 
     </span>
    </p>

    <p class='ocr_par' dir='ltr' id='par_1_7' title="bbox 176 2315 2012 2636">
     <span class='ocr_line' id='line_1_27' title="bbox 176 2315 2012 2390; baseline -0.001 -12"><span class='ocrx_word' id='word_1_220' title='bbox 176 2349 201 2384; x_wconf 88' lang='lat'><strong>4</strong></span> <span class='ocrx_word' id='word_1_221' title='bbox 227 2331 364 2378; x_wconf 83' lang='lat' dir='ltr'>milia</span> <span class='ocrx_word' id='word_1_222' title='bbox 411 2327 630 2377; x_wconf 88' lang='lat' dir='ltr'>hostiurn</span> <span class='ocrx_word' id='word_1_223' title='bbox 677 2327 971 2375; x_wconf 91' lang='lat' dir='ltr'>interficeret</span> <span class='ocrx_word' id='word_1_224' title='bbox 1012 2343 1104 2375; x_wconf 92' lang='lat' dir='ltr'>nec</span> <span class='ocrx_word' id='word_1_225' title='bbox 1151 2326 1314 2375; x_wconf 92' lang='lat' dir='ltr'>minus</span> <span class='ocrx_word' id='word_1_226' title='bbox 1362 2328 1517 2374; x_wconf 90' lang='lat' dir='ltr'>multa</span> <span class='ocrx_word' id='word_1_227' title='bbox 1557 2337 1764 2390; x_wconf 89' lang='lat' dir='ltr'>caperet.</span> <span class='ocrx_word' id='word_1_228' title='bbox 1850 2327 1890 2376; x_wconf 90' lang='lat' dir='ltr'>si</span> <span class='ocrx_word' id='word_1_229' title='bbox 2005 2315 2012 2318; x_wconf 85' lang='lat'>.</span> 
     </span>
     <span class='ocr_line' id='line_1_28' title="bbox 227 2408 1891 2476; baseline -0.002 -16"><span class='ocrx_word' id='word_1_230' title='bbox 227 2411 336 2476; x_wconf 91' lang='lat' dir='ltr'>quis</span> <span class='ocrx_word' id='word_1_231' title='bbox 395 2412 492 2459; x_wconf 92' lang='lat' dir='ltr'>hoc</span> <span class='ocrx_word' id='word_1_232' title='bbox 550 2408 822 2457; x_wconf 92' lang='lat' dir='ltr'>rebellandi</span> <span class='ocrx_word' id='word_1_233' title='bbox 880 2418 1089 2471; x_wconf 94' lang='lat' dir='ltr'>tempus,</span> <span class='ocrx_word' id='word_1_234' title='bbox 1145 2425 1245 2471; x_wconf 92' lang='lat' dir='ltr'>quo</span> <span class='ocrx_word' id='word_1_235' title='bbox 1293 2409 1519 2456; x_wconf 88' lang='lat' dir='ltr'>Athenae</span> <span class='ocrx_word' id='word_1_236' title='bbox 1578 2418 1891 2471; x_wconf 87' lang='lat' dir='ltr'>oppugnatae</span> 
     </span>
     <span class='ocr_line' id='line_1_29' title="bbox 226 2487 1892 2552; baseline -0.002 -11"><span class='ocrx_word' id='word_1_237' title='bbox 226 2511 255 2541; x_wconf 90' lang='lat' dir='ltr'>a</span> <span class='ocrx_word' id='word_1_238' title='bbox 291 2493 426 2541; x_wconf 88' lang='lat' dir='ltr'>Sulla</span> <span class='ocrx_word' id='word_1_239' title='bbox 466 2499 593 2549; x_wconf 91' lang='lat' dir='ltr'>sunt,</span> <span class='ocrx_word' id='word_1_240' title='bbox 631 2488 842 2552; x_wconf 91' lang='lat' dir='ltr'>imputat</span> <span class='ocrx_word' id='word_1_241' title='bbox 880 2488 1282 2548; x_wconf 91' lang='lat' dir='ltr'>Atheniensibus,</span> <span class='ocrx_word' id='word_1_242' title='bbox 1322 2487 1553 2536; x_wconf 89' lang='lat' dir='ltr'>nimirum</span> <span class='ocrx_word' id='word_1_243' title='bbox 1586 2488 1690 2537; x_wconf 91' lang='lat' dir='ltr'>ueri</span> <span class='ocrx_word' id='word_1_244' title='bbox 1731 2499 1892 2538; x_wconf 91' lang='lat' dir='ltr'>uetus—</span> 
     </span>
     <span class='ocr_line' id='line_1_30' title="bbox 226 2569 1890 2636; baseline -0.002 -14"><span class='ocrx_word' id='word_1_245' title='bbox 226 2573 438 2636; x_wconf 91' lang='lat' dir='ltr'>tatisque</span> <span class='ocrx_word' id='word_1_246' title='bbox 485 2571 680 2634; x_wconf 90' lang='lat' dir='ltr'>ignarus</span> <span class='ocrx_word' id='word_1_247' title='bbox 727 2579 830 2619; x_wconf 88' lang='lat' dir='ltr'>est:</span> <span class='ocrx_word' id='word_1_248' title='bbox 889 2571 1017 2618; x_wconf 92' lang='lat' dir='ltr'>adeo</span> <span class='ocrx_word' id='word_1_249' title='bbox 1059 2569 1192 2618; x_wconf 93' lang='lat' dir='ltr'>enim</span> <span class='ocrx_word' id='word_1_250' title='bbox 1240 2578 1372 2618; x_wconf 90' lang='lat' dir='ltr'>certa</span> <span class='ocrx_word' id='word_1_251' title='bbox 1412 2569 1792 2618; x_wconf 92' lang='lat' dir='ltr'>Atheniensium</span> <span class='ocrx_word' id='word_1_252' title='bbox 1840 2569 1890 2618; x_wconf 90' lang='lat' dir='ltr'>in</span> 
     </span>
    </p>
   </div>
   <div class='ocr_carea' id='block_1_3' title="bbox 1977 0 2014 1820">
    <p class='ocr_par' dir='ltr' id='par_1_8' title="bbox 1977 0 2014 1820">
     <span class='ocr_line' id='line_1_31' title="bbox 1977 0 2014 1820; baseline 0 0"><span class='ocrx_word' id='word_1_253' title='bbox 1977 0 2014 1820; x_wconf 95' lang='lat' dir='ltr'> </span> 
     </span>
    </p>
   </div>
   <div class='ocr_carea' id='block_1_4' title="bbox 2002 1969 2014 2010">
    <p class='ocr_par' dir='ltr' id='par_1_9' title="bbox 2002 1969 2014 2010">
     <span class='ocr_line' id='line_1_32' title="bbox 2002 1969 2014 2010; baseline 0 -18"><span class='ocrx_word' id='word_1_254' title='bbox 2002 1969 2014 2010; x_wconf 65' lang='lat' dir='ltr'>f]</span> 
     </span>
    </p>
   </div>
   <div class='ocr_carea' id='block_1_5' title="bbox 558 2866 664 2872">
    <p class='ocr_par' dir='ltr' id='par_1_10' title="bbox 558 2866 664 2872">
     <span class='ocr_line' id='line_1_33' title="bbox 558 2866 664 2872; baseline 0 0"><span class='ocrx_word' id='word_1_255' title='bbox 558 2866 664 2872; x_wconf 95' lang='lat' dir='ltr'> </span> 
     </span>
    </p>
   </div>
   <div class='ocr_carea' id='block_1_6' title="bbox 228 2689 1893 2927">
    <p class='ocr_par' dir='ltr' id='par_1_11' title="bbox 228 2689 1893 2927">
     <span class='ocr_line' id='line_1_34' title="bbox 286 2689 1886 2748; baseline -0.001 -8"><span class='ocrx_word' id='word_1_256' title='bbox 286 2715 303 2740; x_wconf 91' lang='lat'>1</span> <span class='ocrx_word' id='word_1_257' title='bbox 339 2701 445 2740; x_wconf 88' lang='lat' dir='ltr'>Mari</span> <span class='ocrx_word' id='word_1_258' title='bbox 465 2699 526 2741; x_wconf 87' lang='lat' dir='ltr'>P:</span> <span class='ocrx_word' id='word_1_259' title='bbox 561 2699 681 2738; x_wconf 89' lang='lat' dir='ltr'>Marii</span> <span class='ocrx_word' id='word_1_260' title='bbox 701 2698 743 2736; x_wconf 90' lang='lat' dir='ltr'>A</span> <span class='ocrx_word' id='word_1_261' title='bbox 876 2689 927 2748; x_wconf 87' lang='lat' dir='ltr'>Q.</span> <span class='ocrx_word' id='word_1_262' title='bbox 948 2698 991 2736; x_wconf 88' lang='lat' dir='ltr'>A</span> <span class='ocrx_word' id='word_1_263' title='bbox 1187 2710 1212 2748; x_wconf 89' lang='lat'>5</span> <span class='ocrx_word' id='word_1_264' title='bbox 1241 2698 1303 2737; x_wconf 88' lang='lat' dir='ltr'>sil&#39;</span> <span class='ocrx_word' id='word_1_265' title='bbox 1333 2697 1376 2735; x_wconf 89' lang='lat' dir='ltr'>A</span> <span class='ocrx_word' id='word_1_266' title='bbox 1400 2698 1458 2736; x_wconf 83' lang='lat' dir='ltr'>bis</span> <span class='ocrx_word' id='word_1_267' title='bbox 1647 2699 1673 2736; x_wconf 90' lang='lat'>8</span> <span class='ocrx_word' id='word_1_268' title='bbox 1703 2705 1796 2738; x_wconf 86' lang='lat' dir='ltr'>erat</span> <span class='ocrx_word' id='word_1_269' title='bbox 1815 2699 1886 2738; x_wconf 83' lang='lat' dir='ltr'>del.</span> 
     </span>
     <span class='ocr_line' id='line_1_35' title="bbox 228 2753 1892 2804; baseline -0.002 -8"><span class='ocrx_word' id='word_1_270' title='bbox 228 2762 320 2796; x_wconf 81' lang='lat' dir='ltr'>ante</span> <span class='ocrx_word' id='word_1_271' title='bbox 339 2755 635 2795; x_wconf 88' lang='lat' dir='ltr'>inueniebatur</span> <span class='ocrx_word' id='word_1_272' title='bbox 653 2753 696 2791; x_wconf 92' lang='lat' dir='ltr'>A</span> <span class='ocrx_word' id='word_1_273' title='bbox 889 2766 938 2793; x_wconf 91' lang='lat'>10</span> <span class='ocrx_word' id='word_1_274' title='bbox 968 2753 1166 2804; x_wconf 89' lang='lat' dir='ltr'>preberet</span> <span class='ocrx_word' id='word_1_275' title='bbox 1185 2753 1227 2790; x_wconf 94' lang='lat' dir='ltr'>A</span> <span class='ocrx_word' id='word_1_276' title='bbox 1422 2765 1471 2791; x_wconf 84' lang='lat'>12</span> <span class='ocrx_word' id='word_1_277' title='bbox 1491 2753 1525 2791; x_wconf 89' lang='lat' dir='ltr'>is</span> <span class='ocrx_word' id='word_1_278' title='bbox 1547 2765 1708 2792; x_wconf 88' lang='lat' dir='ltr'>nocens</span> <span class='ocrx_word' id='word_1_279' title='bbox 1726 2754 1863 2792; x_wconf 88' lang='lat' dir='ltr'>Halm</span> <span class='ocrx_word' id='word_1_280' title='bbox 1882 2768 1892 2793; x_wconf 70' lang='grc' dir='ltr'>ε</span> 
     </span>
     <span class='ocr_line' id='line_1_36' title="bbox 229 2806 1892 2858; baseline -0.002 -9"><span class='ocrx_word' id='word_1_281' title='bbox 229 2812 432 2851; x_wconf 88' lang='lat' dir='ltr'>innocens</span> <span class='ocrx_word' id='word_1_282' title='bbox 448 2808 537 2847; x_wconf 86' lang='grc' dir='ltr'>ΑΡ</span> <span class='ocrx_word' id='word_1_283' title='bbox 550 2824 559 2849; x_wconf 92' lang='lat'><strong>:</strong></span> <span class='ocrx_word' id='word_1_284' title='bbox 590 2821 750 2847; x_wconf 89' lang='lat' dir='ltr'>nocens</span> <span class='ocrx_word' id='word_1_285' title='bbox 773 2807 959 2848; x_wconf 83' lang='lat' dir='ltr'>Gelenius</span> <span class='ocrx_word' id='word_1_286' title='bbox 1058 2809 1207 2858; x_wconf 88' lang='lat' dir='ltr'>suique</span> <span class='ocrx_word' id='word_1_287' title='bbox 1219 2806 1435 2845; x_wconf 84' lang='lat' dir='ltr'>Acidalius</span> <span class='ocrx_word' id='word_1_288' title='bbox 1593 2821 1641 2857; x_wconf 88' lang='lat'>13</span> <span class='ocrx_word' id='word_1_289' title='bbox 1669 2807 1892 2857; x_wconf 89' lang='lat' dir='ltr'>quicquam</span> 
     </span>
     <span class='ocr_line' id='line_1_37' title="bbox 228 2875 1893 2927; baseline -0.001 -10"><span class='ocrx_word' id='word_1_290' title='bbox 228 2879 318 2917; x_wconf 89' lang='grc' dir='ltr'>ΑΡ</span> <span class='ocrx_word' id='word_1_291' title='bbox 481 2890 528 2927; x_wconf 90' lang='lat'>14</span> <span class='ocrx_word' id='word_1_292' title='bbox 559 2878 683 2917; x_wconf 89' lang='lat' dir='ltr'>COS.</span> <span class='ocrx_word' id='word_1_293' title='bbox 713 2876 756 2914; x_wconf 92' lang='lat' dir='ltr'>A</span> <span class='ocrx_word' id='word_1_294' title='bbox 869 2876 1033 2915; x_wconf 88' lang='lat' dir='ltr'>Cinnae</span> <span class='ocrx_word' id='word_1_295' title='bbox 1053 2876 1095 2913; x_wconf 88' lang='lat' dir='ltr'>A</span> <span class='ocrx_word' id='word_1_296' title='bbox 1267 2889 1315 2925; x_wconf 92' lang='lat'>17</span> <span class='ocrx_word' id='word_1_297' title='bbox 1346 2875 1445 2925; x_wconf 89' lang='lat' dir='ltr'>imp.</span> <span class='ocrx_word' id='word_1_298' title='bbox 1466 2875 1556 2913; x_wconf 89' lang='grc' dir='ltr'>ΑΡ</span> <span class='ocrx_word' id='word_1_299' title='bbox 1716 2889 1768 2915; x_wconf 88' lang='lat'>22</span> <span class='ocrx_word' id='word_1_300' title='bbox 1797 2883 1893 2926; x_wconf 89' lang='lat' dir='ltr'>post</span> 
     </span>
    </p>
   </div>
   <div class='ocr_carea' id='block_1_7' title="bbox 229 2937 1893 3050">
    <p class='ocr_par' dir='ltr' id='par_1_12' title="bbox 229 2937 1893 3050">
     <span class='ocr_line' id='line_1_38' title="bbox 229 2937 1893 2997; baseline -0.002 -11"><span class='ocrx_word' id='word_1_301' title='bbox 229 2947 301 2986; x_wconf 86' lang='lat' dir='ltr'>del.</span> <span class='ocrx_word' id='word_1_302' title='bbox 319 2946 463 2986; x_wconf 82' lang='lat' dir='ltr'>Nova&#39;k</span> <span class='ocrx_word' id='word_1_303' title='bbox 600 2959 653 2996; x_wconf 87' lang='lat'>23</span> <span class='ocrx_word' id='word_1_304' title='bbox 683 2944 1016 2994; x_wconf 88' lang='lat' dir='ltr'>BoetiamqueA</span> <span class='ocrx_word' id='word_1_305' title='bbox 1157 2956 1208 2994; x_wconf 88' lang='lat'>25</span> <span class='ocrx_word' id='word_1_306' title='bbox 1240 2942 1455 2983; x_wconf 86' lang='lat' dir='ltr'>PireiAP</span> <span class='ocrx_word' id='word_1_307' title='bbox 1560 2937 1621 2984; x_wconf 64' lang='lat' dir='ltr'>c-c.</span> <span class='ocrx_word' id='word_1_308' title='bbox 1646 2944 1746 2997; x_wconf 86' lang='lat' dir='ltr'>(om.</span> <span class='ocrx_word' id='word_1_309' title='bbox 1762 2945 1893 2996; x_wconf 89' lang='lat' dir='ltr'>milia)</span> 
     </span>
     <span class='ocr_line' id='line_1_39' title="bbox 229 2998 933 3050; baseline -0.003 -11"><span class='ocrx_word' id='word_1_310' title='bbox 229 3001 320 3039; x_wconf 86' lang='grc' dir='ltr'>ΑΡ</span> <span class='ocrx_word' id='word_1_311' title='bbox 477 3001 530 3039; x_wconf 83' lang='lat'>28</span> <span class='ocrx_word' id='word_1_312' title='bbox 559 3001 645 3050; x_wconf 93' lang='lat' dir='ltr'>inp.</span> <span class='ocrx_word' id='word_1_313' title='bbox 666 2999 708 3037; x_wconf 92' lang='lat' dir='ltr'>A</span> <span class='ocrx_word' id='word_1_314' title='bbox 730 3013 740 3038; x_wconf 69' lang='grc' dir='ltr'>ε</span> <span class='ocrx_word' id='word_1_315' title='bbox 769 3000 869 3050; x_wconf 89' lang='lat' dir='ltr'>imp.</span> <span class='ocrx_word' id='word_1_316' title='bbox 890 2998 933 3037; x_wconf 91' lang='lat' dir='ltr'><em>P</em></span> 
     </span>
    </p>
   </div>
   <div class='ocr_carea' id='block_1_8' title="bbox 1039 3090 1095 3128">
    <p class='ocr_par' dir='ltr' id='par_1_13' title="bbox 1039 3090 1095 3128">
     <span class='ocr_line' id='line_1_40' title="bbox 1039 3090 1095 3128; baseline 0 -11"><span class='ocrx_word' id='word_1_317' title='bbox 1039 3090 1095 3128; x_wconf 92' lang='lat'>40</span> 
     </span>
    </p>
   </div>
  </div>
 </body>
</html>
