2014 3444
810 244 1353 292 PROLEGOMENA

245 385 565 433 comitabatur
595 384 771 431 cunctis
799 384 850 431 in
883 383 1140 448 (suprascr,
1162 382 1357 448 cinctus)
1379 385 1687 431 multitudine
1711 385 1763 432 in
1799 401 1914 432 area

246 473 503 538 (suprascr.
532 470 680 536 atrio)
710 473 876 519 domus
898 488 1012 519 suae
1034 474 1217 520 cultello
1239 481 1495 534 percussus
1518 475 1578 532 A,
1606 474 1740 521 unde
1777 473 1918 536 quasi

244 560 400 610 oeulis
433 559 666 623 ingeritur
690 559 848 622 qualis
873 559 1016 608 fuerit
1051 559 1092 608 is
1125 561 1284 608 codex
1315 577 1465 623 quem
1490 563 1602 609 Am.
1631 561 1919 610 transcribe-

244 651 342 710 bat,
377 648 609 698 uidelicet
644 650 775 696 lectu
813 647 881 696 ita
916 647 1126 697 difficilis
1162 658 1216 696 ut
1252 648 1517 697 maximam
1553 649 1916 699 dubitationem

242 739 336 802 ipsi
372 737 596 797 mouerit,
635 736 781 785 nobis
817 735 1059 785 incertum
1088 736 1336 799 reliquerit
1372 736 1493 799 quid
1524 737 1744 786 Velleius
1781 740 1919 786 uolu-

240 827 330 876 erit
351 845 364 888 3
400 843 516 874 nam
541 826 679 888 quod
712 827 750 873 P
781 826 866 874 dat
896 842 1017 886 quae
1048 842 1152 873 eum
1183 842 1218 874 s.
1253 827 1573 874 comitabatur
1602 843 1705 875 non
1738 826 1917 875 certius

241 925 315 964 est
348 932 498 978 quam
532 930 744 976 sequens
779 915 921 973 atrio,
953 930 1068 961 eum
1104 914 1318 976 potuerit
1354 917 1413 962 V.
1453 931 1556 963 non
1590 914 1753 963 minus
1786 915 1916 963 bene

234 1003 452 1052 scribere
475 1018 596 1064 quae
622 1008 722 1048 tum
746 1018 851 1048 eum
875 1018 910 1049 s.
937 1003 1266 1062 comitabatur,
1294 1010 1356 1061 et,
1384 1003 1522 1064 quod
1546 1001 1755 1050 restituit
1781 1002 1917 1051 Orel-

237 1091 346 1151 lius,
368 1107 496 1138 area.
551 1107 627 1152 31.
654 1107 678 1136 2
707 1105 851 1151 usque
869 1091 939 1136 ad
957 1090 1402 1152 quinquagesimum
1422 1091 1691 1138 miliarium
1717 1091 1915 1138 amari·

237 1181 368 1242 quod
379 1179 393 1205 ¹
425 1170 469 1228 C'
491 1187 615 1241 pene
640 1179 784 1226 totius
813 1178 948 1225 orbis·
974 1184 1220 1225 terrarum
1253 1179 1381 1226 orbis
1403 1180 1657 1241 imperium
1691 1179 1784 1226 uni
1809 1180 1918 1226 uiro

238 1268 539 1330 deferebatur
562 1269 621 1327 A,
658 1275 708 1314 at
741 1268 780 1314 P
812 1283 843 1312 a
874 1267 1008 1314 mari
1036 1282 1129 1327 quo
1161 1272 1355 1314 senatus
1384 1268 1486 1316 Cos.
1507 1275 1626 1328 pene
1659 1268 1804 1315 totius
1827 1273 1915 1315 ter-

238 1372 412 1403 rarum
431 1355 569 1403 orbis.
646 1353 784 1401 Hinc
809 1353 1010 1416 colligas
1035 1352 1086 1401 in
1115 1355 1383 1416 archetypo
1408 1353 1558 1402 fuisse
1583 1355 1759 1414 ama-ri,
1780 1371 1915 1418 prae-

237 1442 485 1506 positione
517 1460 545 1491 a
584 1459 702 1491 casu
735 1459 826 1491 suo
859 1459 963 1490 non
997 1442 1242 1505 dirempta
1258 1461 1272 1503 3
1320 1450 1514 1490 senatus
1545 1459 1648 1492 non
1668 1443 1744 1492 -sic
1767 1445 1915 1506 plene

232 1531 490 1594 scriptum,
513 1532 602 1580 sed
626 1548 713 1594 per
731 1548 883 1579 unam
913 1530 1138 1591 litteram,
1167 1548 1296 1594 quae
1321 1531 1584 1580 obscurata
1618 1541 1757 1595 parte
1782 1532 1858 1581 sui
1881 1535 1920 1581 d

235 1619 403 1683 potius
428 1619 586 1668 uideri
620 1629 824 1682 posset,
858 1620 1099 1668 consulto2
1135 1621 1273 1683 quod
1306 1619 1462 1669 edidit
1497 1621 1788 1681 Rhenanus,
1826 1638 1915 1684 per

242 1710 335 1757 Cos
349 1710 430 1765 uel
461 1699 505 1758 C
524 1727 532 1756 :
571 1707 788 1771 denique
806 1707 930 1757 illud
950 1707 1314 1757 dubitationem
1339 1707 1556 1757 mouisse
1576 1710 1913 1759 Amerbachio

233 1798 367 1845 orbis
391 1803 637 1844 terrarum
662 1813 726 1844 an
760 1803 1005 1844 terrarum
1038 1798 1165 1845 orbis
1187 1796 1353 1859 potius
1386 1806 1515 1845 esset
1547 1796 1598 1845 in
1628 1799 1911 1861 archetypo.

238 1900 317 1949 55.
353 1903 373 1934 1
409 1887 595 1935 Caesar
627 1886 679 1933 in
711 1892 964 1948 peruectus
1001 1886 1054 1933 in
1101 1885 1325 1947 Africam
1363 1892 1411 1932 et
1443 1903 1589 1947 quam
1629 1888 1921 1950 Pompeiam

234 1975 512 2023 obtinebant
553 1975 796 2022 exercitus.
869 1974 954 2022 Ibi
986 1976 1047 2033 A,
1091 1975 1226 2022 unde
1262 1973 1392 2022 facili
1429 1973 1713 2023 coniectura
1749 1974 1914 2024 elicias

240 2064 427 2112 Caesar
459 2071 513 2110 ut
537 2068 789 2125 peruectus
812 2063 864 2110 in
888 2061 1002 2124 Afiz
1032 2070 1120 2122 est,
1151 2079 1297 2124 quam
1322 2063 1614 2124 Pompeiani
1644 2064 1917 2112 obtinebant

232 2152 477 2211 exercitus,
504 2152 582 2199 ibi.
633 2153 701 2199 At
739 2153 777 2199 P
809 2149 1003 2199 omissis
1028 2152 1096 2211 in,
1123 2157 1170 2198 et
1190 2152 1356 2199 locum
1388 2150 1458 2199 sie
1494 2150 1693 2199 exhibet
1731 2154 1916 2202 Caesar

227 2246 475 2302 peruectus
523 2241 575 2288 in
611 2239 725 2301 Afr.
771 2256 916 2301 quam
956 2240 1017 2288 P.
1059 2255 1097 2286 o.
1140 2256 1174 2286 e.
1220 2240 1298 2287 ibi.
1387 2240 1486 2288 Sed
1537 2256 1596 2287 ex
1642 2241 1910 2304 archetypo

231 2328 448 2377 abfuisse
477 2329 543 2388 in,
575 2335 623 2376 et
654 2327 763 2391 quis
798 2329 1001 2376 credat?
1060 2327 1309 2376 Nimirum
1343 2329 1608 2377 emendata
1643 2338 1758 2377 sunt
1783 2346 1911 2392 quae

233 2421 272 2466 P
298 2417 465 2467 dedit:
503 2434 618 2466 uere
654 2418 919 2466 emendata
954 2433 1057 2465 non
1094 2416 1244 2466 dedit.
1324 2420 1397 2480 76.
1427 2434 1459 2478 4
1469 2418 1735 2480 proximus
1758 2435 1788 2465 a
1820 2421 1911 2468 Cn.

231 2514 456 2576 Pompeio
479 2513 668 2575 ipsoque
699 2513 903 2560 Caesare
933 2527 994 2558 ex
1015 2513 1248 2573 sequestri
1274 2513 1460 2560 ordinis
1497 2514 1541 2562 C
1544 2513 1691 2562 ONS
1693 2552 1702 2561 .
1727 2520 1913 2561 creatus

286 2642 299 2664 ¹
331 2641 430 2681 Non
451 2646 517 2680 est
537 2655 653 2692 quos,
676 2647 722 2680 ut
742 2640 881 2680 uisum
902 2647 967 2680 est
995 2641 1027 2679 F
1030 2641 1205 2680 echtero
1225 2655 1235 2680 :
1262 2646 1477 2692 postrema
1497 2642 1652 2694 littera,
1684 2655 1811 2692 quam
1839 2643 1910 2682 ille

229 2724 251 2750 s
286 2710 403 2760 legit,
443 2711 469 2748 d
500 2715 566 2749 est
599 2710 676 2749 sed
708 2722 794 2748 non
826 2709 954 2748 solito
985 2722 1103 2748 more
1135 2715 1339 2759 exarata3
1380 2722 1477 2748 nam
1509 2710 1534 2748 b
1566 2710 1753 2760 quidem,
1790 2711 1910 2749 cuius

229 2778 417 2829 speciem
446 2779 659 2828 quandam
689 2778 849 2817 habere
878 2778 971 2816 uisa
1000 2783 1066 2817 est
1097 2778 1129 2818 Ι.
1165 2778 1446 2829 Schneidero,
1481 2778 1729 2828 praeposito
1761 2778 1909 2818 biblio-

166 2834 168 2837 7
230 2848 395 2896 thecae,
418 2847 493 2885 uix
513 2846 673 2897 poterit
694 2859 802 2886 esse.

282 2916 297 2938 ²
329 2916 377 2953 In
411 2921 530 2954 textu
571 2915 684 2954 edidi
717 2928 796 2965 quo
827 2913 1000 2953 decreto:
1062 2914 1137 2953 sed
1178 2915 1370 2964 plerique
1406 2927 1485 2965 quo
1522 2919 1690 2954 senatus
1728 2915 1909 2953 consulto

234 2980 544 3030 praetulerunt.

1023 3048 1123 3086 xviii
