2014 3392
677 219 935 266 VELLEI
974 217 1375 267 PATERCVLI

1990 367 1995 429 ἰ

191 357 386 421 aequali
432 356 621 406 diuisae
668 356 926 406 interuallo
966 356 1032 404 ab
1077 357 1220 404 hoste
1261 355 1387 404 intra
1432 372 1618 418 paucos
1659 354 1765 404 dies
1812 353 1862 402 in

194 439 445 503 praedicto
487 441 599 488 loco
647 456 761 488 cum
805 440 1016 488 Caesare
1052 455 1098 486 se
1134 437 1389 486 iuncturae
1427 447 1577 496 erant,
1611 454 1725 485 cum
1761 436 1866 485 uni-

194 539 336 570 uersa
371 521 642 581 Pannonia,
669 520 886 570 insolens
911 522 1088 583 longae
1119 519 1254 582 pacis
1279 519 1438 579 bonis,
1464 521 1634 568 adulta
1661 518 1862 578 uiribus,

197 602 446 651 Delmatia
483 602 819 667 omnibusque¹
843 611 1035 665 „tractus
1073 600 1178 650 eius
1215 600 1444 663 gentibus
1485 600 1536 648 in
1578 600 1864 649 societatem

147 706 169 743 3
194 684 422 734 adductis
461 683 648 743 consili,
686 674 822 732 arma
844 682 1103 746 &corripuit
1177 692 1282 731 tum
1324 682 1599 731 necessaria
1643 682 1866 745 gloriosis
1890 699 1911 738 5

194 766 473 830 praeposita
507 783 671 829 neque
707 775 868 814 tutum
898 764 1061 813 uisum
1097 764 1268 814 abdito
1304 764 1354 813 in
1391 764 1621 813 interiora
1652 763 1866 813 exercitu

195 865 404 896 uacuam
464 857 565 895 tam
623 846 790 895 uicino
848 846 979 895 hosti
1030 845 1305 909 relinquere
1364 846 1571 895 Italiam.
1644 846 1865 909 gentium

195 929 567 992 nationumque,
606 945 734 991 quae
771 929 1141 988 rebellauerant,
1180 927 1342 977 omnis
1383 945 1616 977 numerus
1654 927 1866 991 amplius

197 1016 372 1060 †Dccc
419 1010 617 1058 milibus
665 1010 922 1072 explebat3
979 1023 1041 1057 cc
1087 1010 1187 1057 fere
1233 1008 1458 1071 peditum
1511 1009 1867 1072 colligebantur

150 1118 174 1156 4
196 1091 342 1140 armis
371 1091 567 1150 habilia,
603 1090 826 1154 equitum
855 1106 986 1138 vnn.
1059 1089 1198 1139 cuius
1231 1090 1485 1139 inmensae
1521 1091 1864 1152 multitudinis,
1894 1111 1944 1139 10

196 1173 411 1237 parentis
469 1172 716 1221 acerrimis
774 1189 833 1221 ac
892 1170 1196 1234 peritissimis
1258 1171 1483 1232 ducibus,
1535 1189 1647 1235 pars
1700 1182 1868 1236 petere

198 1256 391 1305 Italiam
440 1258 726 1305 decreuerat
782 1254 1002 1303 iunctam
1062 1253 1154 1302 sibi
1211 1253 1455 1316 Nauporti
1505 1271 1563 1303 ac
1621 1255 1868 1318 Tergestis

198 1337 429 1398 confinio,
462 1354 572 1400 pars
607 1337 658 1385 in
697 1335 1049 1386 Macedoniam
1086 1353 1138 1384 se
1174 1337 1425 1395 effuderat,
1462 1352 1574 1399 pars
1611 1335 1710 1385 suis
1747 1337 1871 1386 sedi-

199 1421 291 1468 bus
333 1418 632 1482 praesidium
672 1435 779 1467 esse
817 1417 1160 1467 destinauerat.
1234 1416 1447 1465 maxima
1487 1418 1685 1466 duobus
1725 1420 1870 1467 Bato-

154 1521 175 1559 5
199 1502 345 1550 nibus
396 1518 454 1549 ac
502 1499 699 1549 Pinneti
751 1499 961 1549 ducibus
1012 1498 1276 1548 auctoritas
1331 1508 1444 1548 erat.
1531 1498 1582 1547 in
1635 1499 1867 1549 omnibus
1894 1516 1942 1558 15
1994 1494 1995 1498 ’

198 1594 365 1632 autem
399 1582 668 1631 Pannoniis
704 1599 807 1631 non
844 1581 1133 1644 disciplinae
1166 1583 1528 1641 tantummodo,
1557 1584 1645 1631 sed
1674 1581 1869 1646 linguae

200 1681 401 1728 quoque
426 1663 599 1713 notitia
626 1666 899 1722 Romanae,
926 1662 1173 1726 plerisque
1206 1661 1353 1711 etiam
1386 1661 1654 1711 litterarum
1679 1681 1796 1712 usus
1822 1673 1871 1713 et

200 1745 448 1795 familiaris
484 1745 763 1794 animorum
800 1755 902 1794 erat
937 1744 1247 1793 exercitatio:
1290 1743 1455 1807 itaque
1488 1746 1712 1794 hercules
1737 1748 1873 1795 nulla

202 1845 440 1890 umquam
471 1826 606 1876 natio
642 1836 743 1875 tam
779 1835 968 1875 mature
1005 1825 1212 1875 consilio
1249 1825 1365 1874 belli
1401 1826 1586 1875 bellum
1622 1827 1779 1877 iunxit
1813 1846 1872 1878 ac

155 1921 180 1961 6
203 1912 401 1959 decreta
436 1908 658 1972 patrauit.
739 1907 960 1971 oppressi
999 1907 1128 1957 cives
1178 1906 1408 1967 Romani,
1453 1907 1680 1957 trucidati
1727 1926 1874 1973 nego·
1898 1926 1949 1954 20

203 1990 413 2050 tiatores,
441 2006 648 2053 magnus
673 1988 1034 2037 uexillariorum
1054 2006 1287 2038 numerus
1312 1990 1376 2038 ad
1400 1987 1789 2039 internecionem
1815 2007 1874 2039 ea
2000 1974 2005 1989 ’Ἴ

202 2072 252 2120 in
294 2071 507 2135 regione,
552 2088 679 2134 quae
720 2070 987 2134 plurimum
1028 2071 1093 2119 ab
1131 2071 1424 2135 imperatore
1461 2071 1643 2131 aberat,
1685 2089 1870 2132 caesus,

2008 2164 2014 2184 l

258 2215 283 2239 2
313 2215 360 2240 se
391 2202 455 2239 hic
485 2200 579 2239 add.
611 2199 777 2239 Krause
886 2214 980 2239 curn
1010 2200 1072 2241 P:
1114 2207 1203 2240 tum
1236 2200 1320 2239 BA
1529 2213 1554 2250 3
1585 2206 1627 2240 et
1661 2202 1806 2241 adulta
1836 2201 1879 2240 P
2009 2221 2014 2258 4

203 2257 347 2295 adiuta
366 2256 527 2294 uiribus
546 2255 782 2294 Delmatiae
804 2255 978 2293 Vrsinus
1210 2267 1234 2304 5
1264 2255 1427 2294 consilii
1446 2255 1487 2292 F
1484 2257 1654 2298 rb'hlich:
1685 2257 1874 2296 constitit

203 2310 315 2349 AP:
346 2311 577 2349 constituto
615 2310 717 2348 Voss
937 2311 964 2348 6
992 2310 1134 2349 abdito
1166 2310 1236 2350 A:
1278 2310 1423 2349 addito
1453 2308 1497 2346 P
1696 2323 1717 2360 7
1748 2311 1873 2350 relin-
2004 2290 2014 2351 l

203 2378 334 2415 quere
367 2364 530 2404 Italiam
558 2363 623 2403 P:
662 2364 905 2413 relinquere
932 2377 1015 2403 om.
1037 2365 1095 2415 A,
1122 2365 1230 2403 unde
1255 2366 1438 2415 suspicor
1459 2365 1716 2403 scribendum
1734 2366 1875 2417 potius
2005 2359 2014 2429 j

2006 2433 2014 2455 l

2010 2529 2014 2558 l

2008 2591 2014 2610 1

2007 2618 2014 2653 i

2008 2685 2014 2704 Ι

206 2434 368 2473 Italiam
389 2434 631 2482 relinquere
795 2446 823 2482 9
851 2446 967 2473 Acce.
989 2432 1050 2473 P:
1090 2445 1191 2472 accc
1210 2434 1252 2471 A
1275 2448 1284 2473 :
1323 2446 1427 2473 Dccc
1457 2433 1643 2472 Gelenius
1824 2447 1870 2473 11

205 2488 393 2538 parentis
412 2487 496 2525 ΒΑ
518 2503 527 2527 :
557 2501 654 2537 pars
674 2486 716 2524 P
847 2493 995 2537 petere
1015 2487 1098 2525 BA
1118 2502 1126 2527 ε
1157 2501 1389 2538 properare
1419 2489 1461 2527 in
1491 2487 1534 2525 P
1752 2501 1801 2538 13
1830 2488 1873 2526 in

206 2543 264 2582 M.
296 2544 505 2592 effugerat
535 2541 646 2581 AP:
685 2555 734 2581 se
767 2542 812 2580 in
848 2541 905 2582 M.
928 2543 1136 2581 effuderat
1173 2542 1372 2582 Vrsinus:
1419 2543 1461 2581 in
1494 2542 1552 2583 M.
1584 2555 1632 2581 se
1665 2543 1874 2582 effuderat

205 2597 426 2645 Ruhnken,
449 2602 496 2635 ut
513 2597 537 2637 i.
562 2611 598 2646 4.
614 2610 667 2647 33
697 2597 738 2636 ii.
757 2608 844 2635 112.
862 2610 887 2646 4
1026 2610 1074 2646 14
1104 2597 1298 2646 proxima
1316 2597 1429 2636 AP:
1458 2597 1642 2636 maxima
1660 2597 1870 2648 Heinsius,

205 2653 262 2690 sic
284 2657 322 2690 et
342 2665 431 2702 114.
443 2652 527 2701 fin.
700 2651 866 2690 duobus
898 2651 1133 2690 Batonibus
1166 2651 1262 2701 ΑΡ,
1298 2652 1343 2701 cfi
1376 2652 1502 2691 Dion.
1536 2651 1578 2692 C.
1612 2662 1675 2701 55.
1707 2665 1773 2702 29,
1804 2665 1870 2702 30,

206 2708 241 2745 οἱ
270 2705 451 2745 Βάτωνες
477 2718 529 2755 32
639 2705 872 2744 Rhenanus
899 2711 1037 2744 tamen
1058 2712 1102 2756 p.
1129 2719 1180 2756 70
1201 2706 1417 2745 adnotauit
1436 2707 1515 2744 ‘sic
1530 2706 1745 2757 legendum
1773 2712 1876 2757 puto

208 2761 407 2800 Proxima
438 2760 593 2800 Batoni
622 2774 672 2799 ac
695 2760 833 2799 Pineti
863 2760 1039 2799 ducibus
1068 2774 1106 2800 a.
1139 2761 1260 2808 erat‚'
1281 2761 1465 2811 allegatis
1489 2760 1583 2799 Vell.
1611 2760 1653 2799 ii.
1679 2773 1768 2810 114.
1790 2775 1815 2810 4
1841 2766 1878 2799 et
2012 2802 2014 2814 Ι

208 2815 320 2855 Suet.
351 2816 433 2855 Tib.
459 2829 512 2853 20
539 2814 611 2853 ubi
627 2815 753 2853 unius
777 2819 941 2853 tantum
962 2814 1138 2853 Batonis
1163 2815 1312 2853 mentio
1327 2815 1406 2864 fit:
1449 2815 1601 2853 Batoni
1621 2828 1670 2853 ac
1694 2815 1739 2855 P.
1762 2816 1874 2854 duci·
2011 2823 2014 2847 Ι

207 2870 285 2908 bus
315 2871 381 2907 uel
408 2870 573 2908 duobus
603 2870 781 2908 ducibus
812 2869 968 2908 Batoni
993 2883 1041 2908 ac
1064 2869 1109 2909 P.
1131 2869 1281 2918 Halm,
1299 2870 1388 2919 fere
1412 2874 1458 2908 ut
1486 2870 1659 2908 Vrsinus
1826 2871 1877 2907 16
2010 2869 2014 2915 ¹.

209 2925 430 2974 discipline
450 2924 493 2961 A
629 2926 678 2962 18
707 2937 918 2962 armorum
937 2923 1068 2962 Bothe
1191 2937 1241 2974 19
1269 2929 1456 2963 maturae
1475 2923 1517 2962 A
1644 2937 1698 2963 20
1727 2937 1876 2975 negoc.
2007 2923 2014 2973 1

207 2978 297 3016 ΑΡ
457 2991 506 3017 21
539 2979 736 3019 internet.
758 2977 848 3016 ΑΡ
2011 2985 2014 2998 ·

987 3130 1064 3158 120
