2014 3392
795 237 1012 287 LIBER
1047 235 1102 284 11

50 411 59 419 ·
120 396 170 437 et
204 384 312 435 uisa
341 383 466 434 ultio
500 382 694 447 priuato
729 381 849 432 odio
889 380 1045 445 magis
1085 394 1237 444 quam
1274 374 1504 440 publicae
1540 375 1794 426 uindictae

23 507 27 511 .
120 470 248 518 data.
1594 478 1597 479 ⁷

21 550 44 609 >ἰ
186 548 412 600 Subinde
447 546 627 598 Porcio
662 545 956 610 Marcioque
996 542 1285 594 consulibus
1326 542 1544 592 deducta
1595 538 1794 589 colonia

20 631 52 700 Ῑξ
121 629 293 680 Narbo
330 627 552 678 Martius.

20 702 53 782 ,ὶῆ
69 718 96 767 ’5
128 737 133 743 ’
187 711 459 760 Mandetur
481 708 666 760 deinde
683 707 953 758 memoriae
976 705 1211 756 seueritas
1235 702 1545 754 iudiciorum.
1606 701 1793 766 quippe
1817 705 1849 751 8

19 791 50 869 {j
120 794 177 843 C.
204 791 335 842 Cato
357 789 645 850 consulariS,
673 791 745 838 M.
767 787 975 840 Catonis
999 803 1172 851 ηεροδ,
1198 784 1419 835 Africani
1443 783 1622 834 sororis
1647 782 1790 843 filius,

35 896 38 897 ⁷
119 873 504 937 repetundarum
545 888 606 921 ex
648 869 951 920 Macedonia
987 870 1252 919 damnatus
1290 877 1378 928 est,
1418 883 1535 916 cum
1581 865 1640 915 lis
1687 865 1794 915 eius

22 994 34 1011 ,
118 954 231 1004 HS.
271 963 507 1018 quattuor
544 952 746 1002 milibus
786 951 1153 1002 aestimaretur:
1206 951 1336 1000 adeo
1381 948 1453 998 illi
1498 947 1591 998 uiri
1638 947 1794 1011 magis

22 1037 43 1052 ”
121 1037 431 1085 uoluntatem
471 1034 716 1099 peccandi
750 1033 1071 1083 intuebantur
1109 1049 1261 1097 quam
1303 1032 1527 1091 modum,
1564 1031 1794 1094 factaque

27 1150 49 1179 .·
72 1131 102 1161 ο
120 1117 187 1166 ad
209 1115 474 1166 consilium
497 1115 775 1180 dirigebant
798 1123 848 1165 et
872 1114 1009 1179 quid,
1035 1131 1139 1164 non
1162 1113 1215 1162 in
1244 1122 1487 1177 quantum
1518 1111 1793 1162 admissum

22 1206 30 1224 ‘
121 1200 260 1258 soret,
307 1197 650 1247 aestimabant.
723 1195 853 1246 ciroe.
898 1197 1076 1246 eadem
1117 1204 1343 1259 tempora
1385 1195 1455 1243 M.
1505 1195 1557 1243 C.
1600 1192 1794 1243 Metelli
1820 1209 1839 1236 2

40 1343 42 1345 Ι
118 1281 289 1329 fratres
333 1295 439 1329 uno
483 1278 567 1329 die
612 1278 1053 1342 triumphauerunt.
1126 1294 1230 1327 non
1277 1275 1442 1325 minus
1483 1277 1671 1325 clarum
1718 1292 1796 1325 ex-

24 1360 42 1397 v*
120 1361 342 1425 emplum
379 1369 430 1410 et
465 1361 633 1410 adhuc
669 1359 875 1409 unicum
914 1358 1060 1409 Fului
1102 1357 1280 1418 Flacci,
1308 1357 1414 1407 eius
1447 1356 1534 1420 qui
1566 1357 1793 1420 Capuam

23 1491 27 1499 ,
119 1451 331 1506 ceperat,
357 1440 586 1502 filiomm,
611 1442 701 1491 sed
723 1440 922 1490 alterius
946 1439 998 1489 in
1021 1438 1346 1503 adoptionem
1370 1437 1487 1498 dati,
1508 1437 1560 1486 in
1584 1437 1795 1502 collegio

71 1541 97 1584 5
119 1524 407 1573 consulatus
429 1522 522 1572 fuit
538 1541 553 1584 ;
585 1521 854 1586 adoptiuus
882 1521 934 1571 in
958 1520 1161 1571 Acidini
1186 1519 1347 1569 Manli
1370 1518 1607 1568 familiam
1631 1520 1790 1568 datus.

24 1629 26 1641 ·
120 1621 237 1654 nam
293 1620 504 1654 censura
558 1605 878 1654 Metellorum
932 1601 1243 1667 patruelium,
1292 1617 1397 1651 non
1446 1617 1794 1665 germanorum

22 1716 27 1752 3
117 1687 320 1736 fratrum
344 1685 450 1746 fuit,
476 1687 615 1750 quod
639 1684 757 1736 solis
781 1684 1054 1749 contigerat
1077 1682 1408 1747 Scipionibus,
1469 1691 1577 1732 tum
1602 1681 1795 1733 Cimbri
1821 1692 1844 1731 3

19 1771 50 1822 ,’
117 1778 167 1818 et
189 1767 410 1818 Teutoni
432 1769 780 1818 transcendere
800 1768 1052 1826 Rhenum,
1073 1764 1241 1815 multis
1260 1781 1377 1814 mox
1395 1763 1574 1814 nostris
1593 1763 1795 1828 suisque

23 1859 30 1900 i
117 1849 344 1900 cladibus
371 1848 579 1900 nobiles.
650 1865 740 1913 per
769 1849 947 1899 eadem
979 1857 1205 1911 tempora
1241 1847 1400 1896 clarus
1438 1844 1544 1895 eius
1582 1844 1791 1906 Minuci,

79 1962 88 1971 ·
116 1930 204 1996 qui
240 1930 475 1995 porticuS,
500 1947 631 1996 quae
670 1929 923 1995 hodieque
958 1928 1178 1979 celebres
1213 1937 1342 1988 sunt,
1381 1926 1583 1977 molitus
1618 1936 1707 1988 est,
1734 1943 1794 1977 ex

117 2011 390 2063 Scordiscis
412 2011 694 2076 triumphus
716 2011 821 2061 fuit.

186 2095 383 2145 Eodem
408 2103 566 2143 tractu
590 2103 872 2158 temporum
897 2092 1150 2143 nituerunt
1182 2100 1400 2142 oratores
1432 2090 1600 2155 Scipio
1625 2090 1791 2141 Aemi·
1815 2098 1851 2146 9

117 2174 277 2225 lianus
324 2173 636 2239 Laeliusque,
676 2176 777 2225 Ser.
822 2174 998 2235 Galba,
1038 2174 1142 2223 duo
1183 2171 1411 2232 Gracchi,
1456 2173 1512 2223 C.
1555 2171 1789 2233 FanniuS,

118 2255 285 2307 Carbo
326 2255 582 2321 Papirius3
632 2272 727 2306 nec
772 2256 1160 2320 praetereundus
1209 2255 1445 2303 Metellus
1493 2253 1792 2304 Numidicus

178 2399 195 2427 ι
228 2386 334 2427 ultio
360 2385 434 2427 dd.
452 2386 621 2439 Bentley
636 2391 675 2426 et
694 2385 908 2439 Wopktns.
965 2385 1050 2426 Hic
1062 2389 1201 2425 tamen
1221 2384 1426 2424 lectionem
1446 2383 1644 2424 traditam
1663 2385 1793 2424 tuitus·

116 2446 176 2481 nt
198 2441 304 2483 Tau.
325 2440 430 2483 Lect.
456 2445 478 2491 ξ
503 2442 580 2492 148
754 2453 781 2493 3
813 2440 963 2481 Por-tio
980 2440 1072 2480 ΑΡ
1179 2439 1421 2490 Martioque
1441 2438 1485 2478 P
1646 2450 1672 2490 5
1703 2451 1792 2479 me-

119 2510 254 2551 moria
280 2522 382 2551 eoae
409 2510 572 2551 ueritas
598 2508 644 2549 A
668 2509 791 2563 prius
970 2511 999 2549 6
1026 2498 1140 2550 c-o’s'.
1172 2507 1303 2559 (COS
1326 2507 1383 2559 P)
1416 2506 1527 2548 Cato
1556 2508 1791 2548 consularis

118 2578 233 2619 AP:
263 2592 346 2621 em.
371 2578 515 2619 Aldus
676 2590 700 2630 7
729 2578 781 2619 lis
809 2578 905 2618 eius
936 2577 984 2630 (li
1012 2579 1127 2619 seius
1150 2577 1271 2630 prius
1288 2575 1355 2628 A)
1388 2570 1465 2616 1—11'1‘
1484 2576 1649 2619 aestim.
1676 2575 1792 2616 AP:

26 2687 31 2709 ι
117 2646 172 2688 lis
199 2647 241 2688 ei
271 2647 352 2688 Hs
378 2640 449 2688 ῦῖἱ
477 2653 581 2688 aest.
615 2646 804 2700 Scaliger
824 2651 863 2687 et
890 2646 1160 2687 Salmasius:
1206 2645 1239 2686 1.
1270 2645 1364 2685 eius
1396 2645 1642 2685 sestertium
1669 2652 1792 2696 quat-

25 2728 31 2772 3
119 2708 220 2743 tuor
238 2702 407 2743 milibus
426 2702 549 2743 Kritz
565 2706 604 2742 et
620 2702 760 2742 Halm
910 2714 955 2742 11
989 2701 1045 2743 Μ.
1069 2702 1118 2743 C.
1145 2700 1256 2740 Voss.
1280 2713 1290 2740 ε
1323 2700 1377 2741 Μ.
1402 2699 1515 2740 AP:
1544 2701 1630 2740 duo
1650 2699 1794 2740 Aldus

24 2803 30 2822 ,
124 2781 172 2822 ι4
190 2777 393 2823 coeperat
413 2770 456 2810 A
574 2782 623 2822 15
643 2770 887 2811 consulatus
906 2769 1093 2812 Kmuse:
1119 2770 1233 2811 COS
1253 2769 1296 2808 A
1317 2783 1327 2809 ε
1357 2768 1471 2810 COS
1491 2768 1535 2809 P
1652 2781 1792 2810 mace-

28 2838 30 2865 ;
120 2825 246 2866 dani
265 2837 364 2866 corr.
384 2826 429 2866 in
450 2825 701 2878 macidoani,
725 2824 816 2865 dein
835 2824 1040 2865 hoceraso
1056 2831 1258 2888 suprascr.
1285 2823 1510 2865 macidiani
1531 2822 1574 2862 A
1606 2827 1653 2862 ue
1676 2824 1793 2863 uibus

119 2891 219 2920 eum
244 2880 396 2934 legere:
433 2880 475 2919 in
495 2879 693 2921 Acidiani
713 2879 780 2919 P:
808 2880 851 2919 in
871 2878 1042 2920 Acidini
1059 2878 1262 2933 Sngvm‘us
1278 2883 1317 2919 et
1333 2878 1476 2919 Aldus
1598 2878 1725 2919 filiam
1745 2877 1789 2917 A

125 2935 176 2974 16
202 2946 383 2975 censura
414 2934 629 2975 edemus:
666 2946 822 2975 census
849 2933 939 2973 ΑΡ
1142 2936 1191 2975 ι8
1220 2934 1497 2975 transcedere
1527 2931 1570 2972 A
1742 2943 1792 2983 19

122 2989 276 3031 nobilis
290 2989 333 3029 A
354 3002 365 3029 ε
393 2989 525 3029 immo
544 2989 730 3030 nobilem
847 2988 994 3029 Minici
1013 2988 1079 3029 P:
1109 2988 1268 3030 Manici
1287 2987 1330 3028 A
1445 3002 1499 3029 20
1529 2987 1792 3029 excordiscis

24 3048 30 3082 3
122 3042 165 3083 A
319 3056 374 3085 ω
401 3050 539 3086 tractu
560 3050 590 3087 t,
609 3043 726 3085 AB:
754 3051 996 3096 temporum
1015 3049 1045 3085 t.
1066 3042 1110 3084 P

932 3202 980 3246 27
