2014 3392
736 224 994 278 VELLEI
1032 231 1431 282 PATERCVLI

248 373 574 424 consobrinus
611 373 687 423 Ti.
721 375 945 435 Gracchi,
981 375 1188 438 patriam
1225 375 1509 438 cognationi
1545 379 1822 440 praeferens
1858 387 1907 426 et

246 453 490 520 quidquid
546 458 746 522 publice
804 462 1012 510 salutare
1071 478 1173 510 non
1224 471 1366 522 esset,
1415 461 1644 525 priuatim
1691 462 1907 511 alienum

246 539 528 590 existimans
562 540 650 606 (ob
682 558 764 591 eas
797 542 1000 592 uirtutes
1024 544 1211 607 primus
1236 545 1460 595 omnium
1485 547 1664 596 absens
1688 546 1909 610 pontifex

245 621 486 671 maximus
510 624 667 672 factus
691 621 802 688 est),
829 623 1131 674 circumdata
1161 627 1306 676 laeuo
1338 627 1540 677 brachio
1565 637 1708 691 togae
1732 627 1909 676 lacinia

244 720 303 752 ex
361 704 610 767 superiore
667 715 804 768 parte
863 706 1078 769 Capitoli
1135 708 1340 758 summis
1391 709 1623 772 gradibus
1677 709 1907 759 insistens
1934 719 1956 758 5

245 787 465 835 hortatus
490 795 577 846 est,
605 786 691 850 qui
715 789 902 836 saluam
927 790 1112 837 uellent
1143 806 1247 838 rem
1279 789 1545 852 publicam,
1572 808 1626 840 se
1650 808 1909 854 sequeren-

198 877 218 905 2
245 876 334 916 tur.
407 876 513 921 tum
552 867 829 931 optimates,
870 879 1068 919 senatus
1105 879 1255 934 atque
1293 872 1531 934 equestris
1570 873 1755 922 ordinis
1796 890 1907 936 pars

245 949 417 999 melior
441 958 490 999 et
513 949 682 1010 maior,
709 959 759 999 et
781 950 966 1000 intacta
989 951 1276 1014 perniciosis
1309 953 1526 1003 consiliis
1550 955 1691 1017 plebs
1715 954 1908 1003 inruere

242 1031 292 1079 in
341 1033 622 1080 Gracchum
664 1040 876 1082 stantem
914 1032 965 1080 in
1005 1042 1118 1082 area
1158 1051 1272 1082 cum
1314 1035 1521 1085 cateruis
1563 1035 1662 1085 suis
1703 1045 1752 1085 et
1793 1053 1909 1085 con-

242 1113 456 1163 cientem
479 1130 639 1176 paene
662 1113 812 1162 totius
839 1113 1372 1178 Italiae'frequentiam.
1445 1115 1486 1165 is
1517 1116 1708 1180 fugiens
1737 1118 1907 1166 decur-
1936 1123 1984 1150 ¹0
2000 1135 2009 1154 -·

242 1212 454 1258 rensque
500 1195 632 1245 cliuo
679 1195 977 1259 Capitolino,
1027 1196 1264 1260 fragmine
1316 1198 1518 1247 subselli
1563 1198 1689 1248 ictus
1735 1198 1904 1259 uitam,

247 1293 397 1339 quam
422 1276 772 1339 gloriosissime
797 1278 975 1340 degere
1006 1287 1247 1341 potuerat,
1265 1278 1510 1329 inmatura
1545 1289 1703 1330 morte
1726 1280 1900 1329 finiuit.

197 1363 220 1402 3
242 1361 340 1408 hoc
374 1358 568 1407 initium
604 1358 655 1407 in
691 1358 814 1408 urbe
852 1360 1017 1408 Roma
1053 1359 1211 1409 ciuilis
1246 1360 1496 1424 sanguinis
1533 1361 1909 1424 gladiorumque

242 1440 530 1506 inpunitatis
566 1440 668 1489 fuit.
742 1440 859 1490 inde
883 1440 958 1490 ius
987 1440 1038 1489 ui
1062 1441 1295 1490 obrutum
1326 1441 1674 1506 potentiorque
1709 1442 1907 1492 habitus

242 1523 386 1587 prior,
436 1522 812 1586 discordiaeque
863 1522 1047 1572 ciuium
1105 1533 1252 1573 antea
1308 1524 1688 1574 condicionibus
1747 1524 1907 1574 sanari

243 1605 415 1655 solitae
438 1607 566 1655 ferro
590 1604 889 1654 diiudicatae
912 1604 1142 1668 bellaque
1166 1622 1268 1654 non
1293 1605 1452 1655 causis
1487 1605 1622 1666 inita,
1649 1608 1738 1655 sed
1761 1615 1907 1669 prout

192 1693 218 1731 4
243 1706 413 1738 eorum
451 1703 639 1737 merces
671 1685 775 1735 fuit.
847 1687 986 1749 quod
1014 1687 1148 1735 haud
1181 1686 1360 1735 mirum
1395 1695 1498 1736 est:
1548 1704 1650 1736 non
1680 1687 1813 1736 enim
1837 1686 1907 1736 ibi

242 1770 519 1820 consistunt
575 1769 813 1831 exempla,
861 1769 997 1817 unde
1047 1777 1330 1831 coeperunt,
1380 1770 1469 1818 sed
1526 1768 1799 1832 quamlibet
1856 1769 1907 1817 in

242 1863 443 1902 tenuem
488 1859 687 1914 recepta
732 1849 977 1898 tramitem
1029 1849 1264 1899 latissime
1321 1850 1565 1914 euagandi
1623 1850 1716 1900 sibi
1773 1850 1906 1900 uiam

241 1933 440 1994 faciunt,
489 1941 539 1983 et
592 1931 680 1982 ubi
726 1933 879 1981 semel
925 1940 1060 1980 recto
1106 1932 1383 1981 deerratum
1438 1941 1525 1992 est,
1574 1931 1626 1980 in
1672 1949 1907 1996 praeceps

242 2015 538 2079 peruenitur,
576 2031 669 2064 nec
710 2013 972 2078 quisquam
1011 2013 1105 2062 sibi
1145 2022 1285 2077 putat
1322 2022 1477 2077 turpe,
1521 2015 1659 2077 quod
1699 2014 1782 2063 alii
1816 2014 1906 2063 fuit

242 2100 561 2147 fructuosum.

185 2178 219 2225 4
311 2178 531 2243 Interim,
559 2179 679 2228 dum
717 2178 842 2226 haec
879 2176 930 2224 in
969 2176 1113 2225 Italia
1146 2185 1392 2240 geruntur,
1419 2176 1741 2238 Aristonicus,
1779 2175 1906 2245 [qui]

244 2270 439 2310 mortuo
462 2277 576 2324 rege
599 2260 782 2319 Attalo,
809 2275 839 2307 a
862 2275 962 2321 quo
995 2257 1114 2307 Asia
1145 2260 1332 2321 populo
1366 2260 1599 2308 Romano
1635 2259 1908 2311 hereditate

242 2343 410 2392 relicta
447 2351 561 2403 erat,
602 2341 728 2391 sicut
765 2340 934 2390 relicta
970 2350 1144 2403 postea
1181 2350 1255 2390 est
1285 2358 1316 2390 a
1347 2341 1626 2391 Nicomede
1659 2342 1904 2406 Bithynia,
1932 2351 1983 2392 ²5

243 2425 477 2475 mentitus
515 2424 675 2488 regiae
722 2423 883 2487 stirpis
931 2422 1169 2487 originem
1210 2423 1358 2473 armis
1408 2441 1518 2473 eam
1559 2435 1903 2488 occupauerat,
1992 2417 1999 2427 ⁴

297 2568 316 2592 1
347 2554 432 2606 Ti.]
454 2555 501 2594 T.
517 2554 607 2594 ΑΡ
744 2566 771 2592 2
798 2552 991 2604 quidquit
1010 2553 1054 2590 A
1167 2553 1378 2602 priuatum
1397 2553 1440 2591 A
1591 2567 1618 2605 4
1646 2554 1905 2594 circumdata

240 2609 381 2650 Aldus
398 2623 408 2649 ε
437 2622 533 2649 cum
552 2609 652 2648 data
670 2608 760 2648 ΑΡ
923 2619 948 2657 5
977 2606 1187 2657 superiori
1203 2607 1246 2646 P
1258 2621 1268 2646 ε
1296 2620 1389 2646 -ore
1410 2607 1493 2646 BA
1606 2608 1801 2659 Capitolii
1820 2610 1863 2648 A
1870 2609 1911 2648 P
1991 2634 1995 2671 3

240 2708 267 2744 6
283 2674 385 2746 sessg
402 2711 636 2757 querentur
662 2703 705 2744 'A
731 2704 819 2758 (sic)
933 2716 955 2753 7
986 2703 1146 2754 optima
1158 2668 1211 2695 tes
1220 2716 1288 2743 res
1303 2703 1346 2742 A
1372 2703 1458 2756 (sic)
1544 2709 1673 2754 atque
1695 2706 1904 2755 equestris

239 2803 304 2842 P:
333 2809 461 2852 atque
475 2766 511 2793 et
545 2800 756 2852 equestris
775 2801 818 2839 A
840 2814 850 2840 ε
878 2807 1005 2850 atque
1027 2799 1154 2839 etiam
1174 2813 1241 2850 eq.
1263 2799 1447 2839 Laurent
1601 2800 1627 2838 8
1656 2802 1903 2850 pernitiosis

239 2857 281 2894 A
394 2871 422 2906 9
451 2856 666 2896 Grachum
684 2855 728 2893 A
886 2868 932 2894 11
964 2854 1151 2894 subsellii
1170 2853 1260 2892 AP
1406 2867 1456 2894 12
1485 2855 1597 2895 imm.
1619 2854 1708 2893 ΑΡ
1854 2869 1902 2904 14

241 2913 340 2962 imp.
359 2910 451 2949 ΑΡ
626 2922 674 2961 15
703 2916 804 2949 ante
824 2924 850 2949 a
868 2909 911 2948 P
1074 2922 1123 2958 17
1153 2909 1258 2948 haut
1276 2907 1319 2946 A
1490 2922 1539 2959 19
1567 2910 1803 2965 euagandiss
1820 2911 1899 2949 sibi

240 2966 283 3005 A
444 2978 494 3004 21
525 2965 605 3005 sibi
624 2978 706 3005 om.
722 2965 774 3014 P,
797 2964 871 3003 sed
880 2963 1016 3015 fuisse
1033 2965 1077 3003 in
1094 2963 1354 3002 Murbacensi
1367 2967 1539 3002 testatur
1552 2963 1691 3002 Burer
1847 2977 1900 3014 23

241 3021 313 3070 qui
332 3020 428 3071 ΑΡ,
453 3020 526 3060 del.
550 3019 746 3068 Gelenius,
771 3019 959 3058 retinebat
977 3018 1143 3068 Bentley
1157 3021 1302 3069 etpost
1318 3030 1412 3057 eum
1430 3017 1552 3057 Kritz
1571 3022 1607 3055 et
1629 3017 1767 3058 Halm
1793 3023 1900 3059 tam-

241 3087 371 3124 quam
392 3074 660 3168 neglegentzl’us
677 3074 871 3126 scriptum
1018 3086 1071 3122 24
1100 3072 1325 3112 hereditati
1344 3071 1439 3123 ΑΡ,
1463 3084 1540 3112 em.
1562 3072 1702 3111 Aldus
1847 3075 1901 3112 26

243 3135 471 3179 occuparat
530 3133 597 3168 ent
613 3141 656 3179 ey

1046 3203 1092 3231 22
