2014 3392
704 215 962 263 VELLEI
1001 216 1401 266 PATERCVLI

132 356 200 402 26
294 352 491 402 Deinde
532 356 760 403 consules
803 355 968 404 Carbo
1005 355 1201 403 tertium
1238 365 1286 404 et
1325 356 1380 405 C.
1429 355 1630 415 Marius,
1675 347 1889 418 septiens

224 434 440 483 consulis
482 435 623 495 filius,
667 452 825 485 annos
867 445 1011 485 natus
1049 451 1194 496 xxvl,
1238 436 1312 485 uir
1348 436 1501 485 animi
1542 436 1696 500 magis
1738 454 1888 500 quam

222 514 333 563 aeui
390 515 594 578 paterni,
644 519 799 565 multa
855 516 1141 581 fortiterque
1199 518 1398 567 molitus
1457 534 1620 581 neque
1677 535 1888 581 usquam

223 595 421 645 inferior
461 596 677 646 nominis
715 597 881 658 titulis,
915 600 1050 661 apud
1088 599 1422 662 Sacriportum
1462 601 1633 662 pulsus
1679 616 1710 647 a
1756 601 1891 648 Sulla

221 676 327 726 acie
353 680 629 739 Praeneste,
657 681 794 742 quod
818 689 933 728 ante
957 690 1130 728 natura
1162 680 1409 729 munitum
1441 680 1695 743 praesidiis
1734 682 1891 729 firma·
1914 700 1935 739 5
1998 688 2003 700 “·

108 790 109 793 =
177 780 194 805 2
222 768 372 818 uerat,
416 776 468 807 se
510 759 876 823 exercitumque
918 760 1138 809 contulit.
1212 778 1276 810 ne
1323 760 1444 824 quid
1490 778 1701 825 usquam
1748 761 1889 810 malis

222 839 432 902 publicis
458 842 665 900 deesset,
693 840 744 889 in
769 858 867 904 qua
891 841 1090 891 ciuitate
1123 859 1316 905 semper
1348 842 1610 907 uirtutibus
1649 852 1888 891 certatum

222 930 336 980 erat,
376 922 652 970 certabatur
690 922 970 983 sceleribus,
1006 923 1324 986 optimusque
1362 923 1456 972 sibi
1493 923 1768 984 uidebatur,
1804 923 1889 987 qui

220 1003 375 1050 fuerat
421 1002 676 1064 pessimus.
750 1003 934 1067 quippe
972 1005 1093 1053 dum
1133 1006 1199 1053 ad
1240 1004 1572 1067 Sacriportum
1611 1005 1886 1065 dimicatur,

222 1082 555 1145 Damasippus
579 1093 773 1146 praetor
793 1084 1071 1133 Domitium
1095 1124 1106 1133 .
1135 1124 1144 1134 .
1174 1124 1202 1145 .‚
1230 1087 1520 1152 Scaeuolam
1546 1086 1708 1146 etiam,
1729 1086 1889 1149 ponti·
1915 1106 1964 1135 ιο

220 1165 364 1212 ficem
403 1163 673 1213 maximum
709 1174 758 1214 et
795 1165 953 1214 diuini
990 1165 1295 1229 humanique
1330 1166 1445 1216 iuris
1480 1177 1734 1216 auctorem
1766 1169 1890 1216 cele-

221 1244 501 1305 berrimum,
529 1254 578 1294 et
611 1247 666 1296 C.
697 1246 981 1296 Carbonem
1012 1247 1325 1309 praetorium,
1353 1247 1569 1297 consulis
1602 1250 1812 1308 fratrem,
1840 1258 1888 1297 et

220 1325 490 1375 Antistium
515 1326 797 1375 aedilicium
830 1329 966 1376 uelut
998 1328 1209 1377 fauentis
1242 1330 1406 1378 Sullae
1435 1329 1654 1392 partibus
1678 1329 1730 1377 in
1755 1329 1890 1378 curia

171 1424 193 1460 3
222 1408 439 1457 Hostilia
476 1408 751 1458 trucidauit.
825 1426 927 1458 non
965 1412 1138 1473 perdat
1180 1410 1474 1460 nobilissimi
1519 1411 1635 1460 facti
1681 1411 1885 1474 gloriam

220 1489 500 1552 Calpurnia,
552 1490 746 1539 Bestiae
792 1490 904 1551 filia,
954 1508 1075 1540 uxor
1122 1491 1318 1551 Antisti,
1368 1509 1495 1556 quae
1549 1492 1781 1556 iugulato,
1831 1501 1885 1540 ut
1913 1511 1959 1552 15

219 1570 563 1633 praediximus,
591 1571 698 1620 uiro
729 1571 894 1634 gladio
927 1589 980 1621 se
1011 1572 1118 1635 ipsa
1150 1573 1398 1622 transfixit.
1473 1583 1714 1637 quantum
1739 1573 1885 1622 huius

218 1651 399 1714 gloriae
424 1654 684 1716 famaeque
707 1653 914 1703 accessit
938 1671 1072 1703 nunc
1100 1654 1280 1704 uirtute
1312 1654 1554 1704 feminae!
1591 1673 1671 1704 nec
1691 1655 1888 1719 propria
1978 1662 2014 1720 {2⁴ss

219 1734 347 1781 latet.
1977 1746 1979 1750 ’
2013 1735 2014 1747 ³

130 1823 193 1872 27
287 1816 353 1862 At
379 1814 585 1863 Pontius
610 1814 885 1876 Telesinus,
913 1818 1013 1865 dux
1042 1798 1352 1877 Samnitium,
1379 1817 1454 1866 uir
1484 1817 1637 1866 animi
1669 1818 1886 1882 bellique

218 1895 509 1944 fortissimus
546 1896 844 1960 penitusque
883 1900 1116 1947 Romano
1151 1898 1343 1947 nomini
1377 1898 1734 1959 infestissimus,
1773 1917 1888 1948 con-

219 1976 382 2025 tractis
416 1976 605 2026 circiter
633 1993 704 2025 XL
738 1980 931 2027 milibus
961 1978 1254 2029 fortissimae
1284 1979 1802 2044 pertinacissimaeque
1834 1981 1884 2029 in

1979 1048 1992 1168 ww»
1987 999 1989 1003 -
1986 957 1990 967 -
1985 916 1989 931 -⁴
1985 863 1990 894 -.
1987 816 1989 826 Α,
1988 759 1989 762 „

1995 1095 2003 1164 ..ts⁴
1997 997 2003 1072 ---.
1998 888 2003 890 .
2000 780 2003 786 .

1979 1727 1987 1745 τ
1974 1238 2005 1660 amam-“w.
1978 1169 2002 1247 *mre

276 2134 294 2160 1
328 2115 427 2161 CTs.
450 2121 493 2159 A
515 2135 524 2160 :
555 2122 712 2162 COSS.
734 2122 778 2161 P
883 2124 930 2165 C.
950 2123 1110 2163 Marius
1130 2125 1322 2175 septiens
1343 2124 1444 2172 (-ies
1463 2124 1520 2177 P)
1543 2125 1714 2166 CONS.
1738 2125 1882 2177 (COS.

218 2175 274 2226 P)
290 2176 332 2214 Α
338 2176 380 2213 Ρ
486 2189 511 2226 3
541 2178 637 2215 aeui
658 2177 748 2215 ΑΡ
768 2178 937 2230 ‘quippe
954 2179 1030 2228 qui
1045 2179 1275 2218 adulescens
1292 2180 1556 2230 interemptus
1574 2184 1739 2231 patrem
1760 2185 1886 2218 aetate

220 2243 302 2269 non
322 2230 575 2281 aequauen't’
605 2231 766 2270 Milkau
779 2239 822 2283 p.
844 2245 897 2283 95
923 2238 960 2271 et
980 2234 1038 2271 sic
1058 2234 1145 2272 iam
1167 2234 1352 2273 Laurent
1377 2238 1415 2272 et
1440 2234 1607 2273 Scriner
1623 2241 1666 2286 p.
1688 2246 1740 2285 45
1759 2249 1770 2274 ε
1811 2235 1883 2274 fati

217 2284 416 2324 Heinsius
434 2300 443 2325 :
490 2286 635 2335 ingeni
659 2286 809 2326 Orelli:
848 2287 983 2337 magis
1003 2289 1123 2327 saeui
1143 2302 1270 2338 quam
1290 2302 1328 2339 p.
1350 2289 1537 2338 Bernays
1663 2303 1688 2339 4
1709 2290 1883 2328 nomine

218 2339 325 2378 stilis
341 2339 383 2377 A
404 2345 450 2379 ut
476 2341 582 2379 mihi
599 2341 740 2379 uisum
766 2346 851 2381 est:
880 2342 986 2381 st'lis
1009 2347 1055 2381 ut
1076 2343 1261 2381 Fechtero
1279 2358 1288 2383 ε
1309 2343 1412 2382 sulis
1438 2347 1484 2381 ut
1505 2343 1677 2384 Orellio:
1709 2345 1883 2383 nomine

219 2394 484 2434 consulisP:
514 2396 686 2434 nomine
707 2409 799 2436 suo,
826 2397 868 2435 Is
887 2397 1033 2436 Orelli:
1063 2398 1245 2437 nominis
1267 2398 1397 2438 titulis
1412 2398 1554 2448 scripsi
1706 2410 1731 2448 5
1762 2398 1883 2450 ante]

217 2454 308 2487 arte
339 2455 381 2488 et
407 2449 562 2501 Haase,
589 2454 627 2488 et
652 2451 710 2489 sic
731 2451 898 2502 Bentley
924 2452 969 2491 in
994 2452 1051 2492 ed.
1080 2452 1228 2493 Heins.
1406 2454 1433 2491 6
1461 2465 1646 2501 unquam
1675 2453 1773 2502 ΑΡ,
1804 2467 1882 2494 em.

217 2502 431 2542 Puteanus
623 2517 646 2554 7
676 2505 853 2555 publicis
898 2506 941 2544 P
973 2511 1011 2545 et
1046 2506 1089 2544 A
1131 2507 1175 2546 in
1216 2521 1296 2558 quo
1333 2507 1446 2558 quod
1481 2507 1645 2557 publice
1687 2509 1883 2559 scriptum

218 2558 385 2596 tradidit
415 2558 551 2610 Orelli,
585 2559 764 2611 deceptus
790 2565 849 2599 est
875 2561 1135 2612 compendio:
1174 2562 1232 2600 sic
1248 2562 1483 2612 adsumptis
1512 2574 1577 2611 32.
1609 2575 1634 2611 4
1833 2577 1884 2602 10

219 2612 451 2651 Domitium
490 2614 770 2666 consularem,
814 2615 1062 2655 Scaevolam
1108 2616 1295 2655 Mucium
1337 2617 1437 2667 (om.
1485 2617 1628 2669 etiam)
1676 2616 1884 2656 Ruhnken

220 2668 270 2705 16
298 2667 390 2717 ipsa
419 2667 461 2704 A
484 2682 493 2707 ε
523 2668 659 2718 ipsam
686 2668 730 2707 P
905 2683 952 2720 17
981 2670 1131 2710 fami-Lu
1158 2671 1365 2720 famaeque
1393 2671 1435 2708 A
1470 2670 1558 2722 (sic)
1698 2672 1882 2710 feminae

218 2734 297 2760 nec
336 2722 512 2772 propria
548 2723 731 2762 Thomas
768 2724 887 2763 ualde
912 2726 1196 2776 probabiliter:
1244 2726 1403 2765 eminet
1434 2726 1571 2775 patria
1601 2724 1714 2765 AP:
1768 2740 1881 2765 nunc

218 2776 375 2815 uirtute
396 2777 578 2816 feminae
598 2778 769 2828 propria
788 2785 906 2829 patet
925 2780 1078 2832 Haupt
1222 2792 1272 2830 19
1301 2781 1428 2819 animi
1448 2779 1561 2819 AP:
1595 2780 1723 2818 ‘alias
1743 2781 1856 2820 domi
1871 2781 1881 2796 ’

216 2831 474 2871 Rhenanus:
502 2832 633 2871 animi
649 2833 880 2873 acerrimus
893 2834 1076 2876 Scn'ner:
1103 2835 1232 2874 animi
1247 2835 1498 2874 fortissimus
1514 2834 1696 2884 bellique
1719 2835 1881 2884 peritus

216 2884 372 2925 Haase.
439 2886 527 2925 Sed
567 2888 738 2937 penitus
775 2892 834 2927 est
873 2890 1049 2928 ‘intima
1085 2888 1251 2929 mente'
1291 2893 1338 2927 ut
1372 2889 1544 2927 ostendit
1583 2889 1629 2928 G.
1668 2889 1727 2929 A.
1767 2890 1881 2928 Koch

218 2938 399 2988 Quaestt.
440 2940 535 2980 Vell.
559 2948 604 2992 p.
642 2954 686 2979 11
850 2957 904 2983 20
932 2957 1112 2983 romano
1139 2958 1190 2983 ex
1217 2956 1485 2983 romanorum
1513 2943 1556 2981 A
1724 2957 1774 2982 21
1806 2957 1874 2986 XL.

216 2992 258 3030 A
276 3008 285 3035 :
318 2993 386 3033 H.
409 2994 476 3036 P:
504 2996 561 3035 H
580 2996 750 3048 Lipsius

1018 3133 1074 3172 44
