2014 3392
703 197 964 247 VELLEI
1000 195 1400 245 PATERCVLI

226 336 540 386 Antonianae
588 336 754 386 classis
800 353 887 399 per
935 337 1005 384 M.
1050 334 1321 399 Agrippam
1363 337 1553 384 Leucas
1595 345 1884 398 expugnata,

225 420 397 466 Patrae
439 427 624 481 captae,
664 416 931 468 Corinthus
970 426 1224 479 occupata,
1262 415 1337 464 bis
1375 425 1489 465 ante
1527 415 1755 464 ultimum
1794 417 1888 466 dis-

180 522 199 549 2
225 498 409 568 crimen
446 499 611 548 classis
648 498 864 548 hostium
901 507 1137 561 superata.
1211 515 1294 546 rex
1325 500 1565 560 Amyntas
1602 497 1804 547 meliora
1839 508 1888 547 et

224 567 417 629 utiliora
441 589 636 629 secutus
657 598 671 640 3
706 597 821 628 nam
856 578 1063 628 Deillius
1099 577 1310 641 exempli
1342 577 1417 626 sui
1441 587 1586 627 tenax
1610 587 1716 626 uta
1741 580 1889 627 Dola-

227 662 357 710 bella
384 678 408 704 *
439 678 495 707 ηε*
529 664 594 711 ad
628 663 891 711 Caesarem
908 679 922 721 3
957 660 1130 723 uirque
1161 659 1456 708 clarissimus
1495 661 1587 710 Cn.
1619 659 1884 719 Domitius,
1913 672 1935 713 5

224 743 309 806 qui
350 745 483 792 solus
525 741 918 791 Antonianarum
957 740 1168 804 partium
1214 733 1487 803 numquam
1535 739 1753 803 reginam
1795 739 1889 788 nisi

224 824 426 874 nomine
462 823 703 883 salutauit,
742 822 956 871 maximo
994 831 1043 871 et
1079 821 1332 885 praecipiti
1370 821 1587 885 periculo
1624 820 1891 870 transmisit

223 908 288 955 ad
291 907 587 987 sCaesarem.

137 991 200 1051 85
260 986 513 1036 f'Aduenit
559 985 741 1036 deinde
788 984 987 1033 maximi
1042 983 1336 1033 discriminis
1384 983 1503 1044 dies,
1554 1001 1654 1047 quo
1709 985 1891 1034 Caesar

225 1067 573 1130 Antoniusque
610 1065 862 1130 productis
897 1064 1133 1114 classibus
1165 1081 1254 1128 pro
1284 1066 1438 1113 salute
1462 1067 1596 1125 alter,
1623 1064 1674 1112 in
1698 1064 1890 1113 ruinam
1918 1079 1966 1107 10

181 1170 200 1197 2
225 1151 345 1198 alter
386 1159 619 1198 terrarum
661 1147 792 1197 orbis
840 1146 1209 1217 dimicauere7s
1225 1148 1449 1195 dextrum
1496 1146 1699 1195 nauium
1749 1145 1892 1194 Iulia-

225 1248 398 1279 narum
458 1247 611 1279 cornu
672 1231 743 1277 M.
795 1227 945 1277 Lurio
1004 1219 1338 1287 commissum,
1387 1229 1585 1276 laeuum
1640 1226 1888 1287 Arruntio,

226 1312 472 1376 Agrippae
520 1328 668 1361 omne
716 1309 905 1359 classici
953 1308 1230 1358 certaminis
1277 1308 1561 1370 arbitrium,
1619 1311 1801 1360 Caesar
1846 1308 1892 1358 ei

226 1394 350 1458 parti
375 1393 660 1452 destinatus,
682 1391 733 1440 in
759 1409 908 1455 quam
933 1408 963 1439 a
985 1392 1181 1439 fortuna
1205 1399 1475 1451 uocaretur,
1497 1389 1683 1453 ubique
1707 1392 1887 1440 aderat.

227 1474 392 1524 classis
434 1473 623 1523 Antoni
668 1472 885 1536 regimen
933 1471 1219 1520 Publicolae
1266 1471 1508 1534 Sosioque
1555 1471 1888 1520 commissum.
1917 1487 2003 1529 15·

225 1566 275 1605 at
321 1556 372 1604 in
420 1566 544 1605 terra
600 1557 816 1604 locatum
865 1553 1129 1602 exercitum
1177 1555 1369 1601 Taurus
1418 1552 1654 1613 Caesaris,
1704 1551 1894 1602 Antoni

179 1653 202 1691 3
225 1638 424 1701 regebat
449 1636 700 1687 Canidius.
750 1616 860 1692 subi
885 1634 1061 1683 initum
1088 1644 1334 1683 certarnen
1362 1644 1447 1695 est,
1476 1634 1644 1684 omnia
1667 1634 1718 1683 in
1742 1636 1893 1683 altera

230 1729 366 1782 parte
406 1721 555 1778 fuere,
600 1720 712 1778 dux,
756 1716 977 1780 remiges,
1022 1715 1213 1776 milites,
1254 1715 1303 1764 in
1345 1718 1496 1765 altera
1541 1716 1663 1764 nihil
1704 1725 1894 1779 praeter

230 1799 420 1848 milites.
477 1798 634 1862 prima
658 1807 869 1861 occupat
892 1799 1058 1860 fugam
1078 1798 1341 1860 Cleopatra
1362 1816 1371 1845 ε
1397 1797 1645 1847 Antonius
1664 1795 1892 1860 fugientis

228 1880 422 1943 reginae
464 1897 613 1943 quarn
652 1878 914 1943 pugnantis
953 1877 1119 1926 militis
1162 1878 1237 1927 sui
1275 1895 1441 1927 comes
1484 1896 1590 1927 esse
1626 1878 1811 1938 maluit,
1844 1887 1892 1927 et
1917 1899 1968 1927 20
2002 1925 2005 1930 ,

227 1960 504 2024 imperator,
532 1960 617 2024 qui
641 1960 692 2008 in
718 1962 990 2010 desertores
1017 1958 1203 2008 saeuire
1236 1960 1487 2020 debuerat,
1515 1962 1734 2010 desertor
1763 1977 1892 2009 exer-

178 2060 204 2098 4
227 2041 350 2090 citus
391 2042 465 2090 sui
494 2044 649 2091 factus
680 2050 765 2090 est.
817 2040 928 2089 ¹illis
968 2040 1115 2090 etiam
1149 2042 1369 2090 detracto
1406 2040 1564 2104 capite
1600 2041 1651 2089 in
1687 2043 1890 2105 longum

226 2122 488 2172 fortissime
511 2122 766 2186 pugnandi
791 2121 986 2171 durauit
1022 2121 1298 2171 constantia
1330 2131 1378 2171 et
1406 2124 1664 2186 desperata
1687 2122 1892 2172 uictoria

226 2203 276 2251 in
314 2214 523 2253 mortem
560 2203 898 2253 dimicabatur.
975 2205 1169 2263 Caesar,
1197 2220 1322 2267 quos
1363 2205 1490 2252 ferro
1522 2213 1714 2267 poterat
1748 2204 1891 2253 inter-

280 2346 304 2371 2
325 2334 561 2372 Corinthiis
579 2339 779 2383 suprascr.
797 2332 1030 2372 Corinthus
1049 2331 1092 2371 A
1206 2345 1231 2381 3
1251 2332 1459 2383 Amyntas
1483 2333 1691 2373 Gelenius:
1716 2334 1890 2384 Myntas

224 2387 314 2426 ΑΡ
419 2389 592 2427 meliora
611 2387 676 2426 P:
706 2387 857 2426 melior
873 2387 916 2425 A
1087 2400 1112 2436 4
1142 2387 1322 2426 Deillius
1341 2388 1482 2438 scripsi
1496 2392 1654 2426 secutus
1671 2389 1862 2440 Lipsium
1880 2404 1888 2430 :

226 2443 280 2480 de
309 2442 419 2481 illius
439 2442 551 2482 AP:
596 2442 760 2481 Dellius
791 2442 905 2492 uulg.
935 2446 972 2479 et
998 2442 1118 2480 Kritz
1228 2442 1438 2492 exemplis
1467 2443 1580 2481 uitae
1609 2450 1767 2483 naxuta
1789 2444 1888 2492 AF,

225 2510 320 2536 corr.
345 2498 512 2547 Lipsius
621 2510 645 2547 5
675 2497 868 2535 lacunam
887 2497 1075 2546 supplent
1092 2509 1141 2534 ex
1157 2496 1253 2536 Seu.
1274 2496 1445 2536 Suasor.
1468 2497 1493 2536 i.
1518 2509 1539 2545 7
1563 2500 1621 2547 (p.
1638 2511 1662 2548 4
1682 2497 1887 2546 Bursian)

225 2552 497 2590 bellissimam
535 2557 678 2591 tamen
716 2564 820 2589 rem.
845 2551 1026 2589 Deillius
1069 2551 1143 2602 (sic
1176 2551 1257 2589 cod.
1291 2551 1585 2600 Bruxellensis)
1619 2553 1725 2591 dixit
1762 2566 1888 2603 quem

227 2605 409 2645 Messala
430 2606 643 2645 Coruinus
671 2606 931 2644 desultorem
956 2606 1160 2644 bellorum
1189 2606 1373 2644 ciuilium
1400 2612 1538 2654 uocat,
1561 2607 1660 2656 quia
1686 2608 1738 2645 ab
1760 2609 1889 2646 Dola-

226 2661 336 2699 bella
366 2662 418 2699 ad
450 2662 644 2700 Cassium
673 2661 926 2699 transiturus
954 2661 1135 2699 salutem
1165 2660 1244 2699 sibi
1275 2666 1422 2710 pactus
1453 2666 1532 2710 est,
1556 2662 1591 2700 si
1623 2661 1887 2701 Dolabellam

226 2716 480 2755 occidisset:
527 2730 552 2755 a
590 2715 742 2754 Cassio
781 2714 938 2753 deinde
976 2715 1144 2754 transiit
1194 2715 1248 2753 ad
1281 2715 1529 2765 Antonium,
1569 2716 1797 2755 nouissime
1836 2718 1888 2756 ab

224 2768 418 2808 Antonio
453 2770 676 2819 transfugit
696 2770 750 2808 ad
771 2770 1012 2809 Caesarem.
1078 2769 1204 2807 Verba
1225 2783 1300 2808 rex
1319 2769 1531 2819 Amyntas
1551 2801 1560 2810 .
1586 2800 1596 2810 .
1622 2800 1632 2811 .
1655 2772 1889 2812 transmisit

225 2825 277 2862 ad
300 2825 527 2863 Caesarem
547 2825 691 2862 Haase
714 2824 999 2874 transponebat
1016 2828 1111 2863 ante
1134 2824 1205 2862 illa
1225 2824 1409 2874 denique
1430 2824 1474 2862 in
1495 2837 1568 2863 ore
1590 2855 1599 2864 .
1624 2856 1634 2865 .
1654 2855 1664 2865 .
1688 2832 1889 2876 superata

227 2891 249 2927 7
280 2879 465 2927 pericula
486 2879 530 2917 A
659 2892 707 2917 12
740 2878 865 2918 Lurio
892 2877 1090 2917 Vrsinus:
1125 2878 1250 2917 Lario
1271 2878 1362 2916 ΑΡ
1563 2879 1776 2919 Adruntio
1803 2881 1895 2919 ΑΡ

229 2944 277 2981 15
307 2933 486 2972 Antonii
511 2933 611 2980 ΑΡ,
639 2938 675 2971 et
691 2934 748 2971 sic
768 2934 818 2971 16
1093 2933 1239 2972 Pulico
1271 2933 1558 2984 Laesosioque
1586 2934 1676 2973 ΑΡ
1836 2948 1888 2975 22

227 2987 418 3027 detracto
445 2987 725 3027 Vascosanus:
756 2988 990 3027 detrectato
1010 2987 1099 3026 ΑΡ

991 3102 1043 3154 98
