2014 3392
681 225 939 272 VELLEI
978 225 1380 275 PATERCVLI

194 359 243 408 in
285 378 408 424 pace
442 361 584 411 uides
620 362 906 426 principem.
979 362 1158 412 iunctis
1195 364 1500 424 exercitibus,
1545 365 1729 429 quique
1771 367 1864 415 sub

194 444 405 492 Caesare
433 446 625 493 fuerant
660 444 846 508 quique
882 447 946 494 ad
983 462 1098 494 eum
1133 455 1386 507 uenerant,
1414 447 1777 510 contractisque
1812 448 1863 496 in

191 541 292 573 una
328 535 485 575 castra
520 527 696 575 decem
732 525 1024 589 legionibus,
1053 542 1159 574 Lxx
1195 527 1406 590 amplius
1444 528 1744 588 cohortibus,
1772 544 1864 576 xlv

195 625 219 651 *
250 625 274 652 *
303 616 351 656 et
387 607 609 671 pluribus
646 625 797 671 quam
833 611 1009 658 decem
1044 618 1391 658 ueteranorum
1428 609 1641 669 milibus,
1668 612 1732 659 ad
1767 611 1865 659 hoc

193 706 374 753 magno
415 690 807 739 uoluntariorum
854 708 1063 740 numero
1109 691 1455 755 frequentique
1502 691 1668 755 equite
1715 691 1862 755 regio,
1889 708 1910 746 5

192 780 330 820 tanto
372 771 589 835 denique
625 771 853 831 exercitu,
894 782 1108 835 quantus
1146 775 1284 822 nullo
1326 790 1564 836 umquam
1602 775 1715 822 loco
1753 782 1866 835 post

192 854 322 903 bella
358 856 515 903 fuerat
552 853 729 914 ciuilia,
757 871 931 903 omnes
965 871 1026 904 eo
1058 854 1167 918 ipso
1199 855 1314 904 laeti
1339 865 1476 905 erant
1500 855 1865 917 maximamque

147 949 165 975 2
191 935 425 984 fiduciam
472 935 708 984 uictoriae
749 935 800 983 in
847 952 1056 984 numero
1103 937 1423 999 reponebant.
1497 946 1546 985 at
1584 936 1862 999 imperator,

191 1017 407 1080 optimus
444 1035 615 1067 eorum
652 1035 780 1081 quae
817 1018 994 1081 agebat
1030 1017 1179 1067 iudex
1214 1028 1263 1068 et
1297 1019 1437 1068 utilia
1472 1018 1707 1082 speciosis
1732 1035 1866 1081 prae—

190 1101 350 1148 ferens
393 1101 630 1163 quodque
678 1116 872 1162 semper
919 1117 1034 1148 eum
1076 1099 1340 1149 facientem
1381 1100 1486 1150 uidi
1532 1100 1583 1148 in
1631 1098 1865 1149 omnibus
1891 1112 1941 1140 10

191 1181 345 1242 bellis,
374 1199 502 1245 quae
526 1182 786 1245 probanda
821 1191 1000 1242 essent,
1032 1199 1135 1230 non
1172 1198 1300 1245 quae
1335 1182 1507 1245 utique
1542 1182 1867 1245 probarentur

191 1279 417 1326 sequens,
439 1263 609 1327 paucis
634 1263 811 1313 diebus
836 1262 1118 1323 exercitum,
1140 1263 1226 1326 qui
1244 1273 1461 1324 uenerat,
1482 1266 1546 1313 ad
1571 1264 1866 1312 refouendas

191 1363 250 1394 ex
274 1345 447 1395 itinere
477 1346 581 1395 eius
617 1345 746 1395 uires
783 1355 1015 1406 moratus,
1044 1363 1158 1394 cum
1195 1363 1310 1395 eum
1347 1346 1598 1406 maiorem,
1627 1362 1776 1408 quam
1813 1354 1867 1394 ut

192 1428 453 1492 temperari
511 1438 692 1492 posset,
742 1444 906 1491 neque
959 1427 1178 1476 habilem
1236 1428 1572 1491 gubernaculo
1625 1435 1864 1485 cerneret,

147 1526 170 1563 3
193 1510 440 1559 dimittere
465 1509 632 1559 statuit
650 1529 663 1571 ,-
698 1519 1088 1573 prosecutusque
1113 1511 1263 1573 longo
1288 1519 1337 1559 et
1361 1527 1599 1574 perquam
1618 1508 1866 1558 laborioso
1893 1527 1940 1568 15

194 1592 378 1653 itinere,
430 1592 568 1642 cuius
611 1592 871 1642 difficultas
910 1592 1092 1641 narrari
1132 1592 1215 1641 uix
1252 1602 1429 1656 potest,
1473 1602 1528 1641 ut
1564 1608 1728 1654 neque
1763 1591 1868 1640 uni-

193 1692 362 1723 uersos
399 1674 662 1738 quisquam
698 1676 901 1723 auderet
936 1673 1139 1738 adgredi
1175 1683 1224 1723 et
1255 1684 1444 1738 partem
1470 1673 1865 1738 digredientium,

192 1775 394 1807 suorum
420 1757 630 1821 quisque
655 1767 790 1806 metu
815 1757 1004 1818 finium,
1023 1757 1241 1807 uniuersi
1260 1766 1501 1821 temptare
1519 1775 1622 1806 non
1647 1767 1864 1820 possent,

192 1838 376 1888 remisit
401 1856 476 1899 eo,
503 1841 639 1889 unde
674 1849 927 1899 uenerant,
955 1849 1004 1888 et
1040 1839 1145 1903 ipse
1180 1839 1477 1903 asperrimae
1512 1839 1689 1888 hiemis
1726 1839 1866 1888 initio

191 1938 436 1984 regressus
476 1921 682 1970 Sisciam
724 1923 925 1985 legatos,
966 1921 1092 1970 inter
1133 1938 1259 1984 quos
1301 1921 1394 1985 ipsi
1435 1921 1633 1981 fuimus,
1678 1921 1865 1985 partitis
1893 1939 1944 1967 20

192 2002 425 2066 praefecit
449 2003 680 2052 hibernis.

91 2097 171 2144 114
262 2087 308 2135 O
334 2103 437 2135 rem
462 2085 598 2135 dictu
631 2103 734 2135 non
770 2085 1088 2146 eminentem,
1117 2087 1205 2135 sed
1242 2086 1401 2136 solida
1435 2103 1651 2150 ueraque
1686 2086 1867 2137 uirtute

192 2172 341 2230 atque
377 2167 586 2216 utilitate
622 2167 901 2228 maximam,
929 2167 1227 2231 experientia
1259 2168 1617 2229 suauissimam,
1644 2170 1868 2218 humani-

192 2258 291 2298 tate
327 2249 653 2312 singularem!
703 2266 790 2312 per
827 2266 978 2298 omne
1014 2249 1131 2298 belli
1169 2249 1452 2299 Germanici
1491 2251 1867 2315 Pannonicique

192 2341 387 2394 tempus
413 2347 564 2380 nemo
589 2347 616 2379 e
641 2330 786 2379 nobis
810 2333 1083 2394 gradumue
1108 2341 1332 2381 nostrum
1351 2341 1436 2381 aut
1454 2333 1866 2396 praecedentibus
1892 2353 1941 2393 25

192 2423 276 2462 aut
315 2412 636 2475 sequentibus
673 2412 932 2461 inbecillus
965 2412 1070 2473 fuit,
1099 2413 1238 2462 cuius
1264 2416 1394 2463 salus
1418 2431 1478 2463 ac
1502 2417 1738 2465 ualetudo
1762 2434 1865 2466 non

194 2497 260 2545 ita
285 2505 638 2546 sustentaretur
674 2496 898 2546 Caesaris
935 2514 1064 2557 cura,
1092 2506 1347 2561 tamquam
1373 2497 1759 2546 districtissimus
1784 2498 1866 2548 ille

193 2588 442 2628 tantorum
484 2595 692 2627 onerum
728 2580 860 2627 mole
898 2578 1015 2627 huic
1052 2579 1139 2627 uni
1181 2579 1380 2643 negotio
1415 2589 1613 2628 uacaret
1654 2579 1862 2629 animus.

252 2721 269 2746 1
303 2708 427 2747 uides
446 2708 683 2759 principem
703 2707 792 2746 AB
809 2723 819 2747 :
849 2708 968 2747 uides
989 2732 998 2740 ·
1022 2708 1244 2759 Principes
1262 2709 1305 2747 P
1445 2722 1471 2758 3
1500 2722 1587 2748 Lxx
1606 2709 1648 2747 A
1667 2724 1675 2749 :
1703 2706 1807 2750 Hi.
1830 2709 1873 2748 Ρ

195 2778 219 2813 4
248 2764 326 2802 alis
347 2762 442 2803 add.
463 2762 653 2813 Lipsius:
690 2775 719 2801 x
742 2762 820 2801 alis
840 2761 1028 2802 Laurent
1136 2770 1178 2803 et
1198 2763 1364 2815 Lipsius
1381 2778 1390 2803 z
1430 2769 1495 2802 set
1515 2778 1615 2804 corr.
1639 2764 1680 2803 in
1701 2765 1777 2802 sed
1792 2764 1835 2802 A
1857 2779 1867 2804 :

194 2819 271 2856 sed
292 2817 334 2855 P
519 2817 656 2856 adhoc
675 2817 719 2855 P
900 2830 927 2867 9
956 2823 1065 2867 spet.
1087 2818 1129 2856 A
1293 2831 1338 2856 11
1372 2819 1517 2868 utique
1537 2818 1635 2866 ΑΡ,
1656 2818 1694 2858 h.
1711 2832 1743 2858 e.
1766 2832 1870 2868 quae

195 2873 245 2910 ab
265 2873 401 2921 aliquo
420 2873 564 2918 saltem
577 2872 751 2922 probari
757 2877 946 2923 possent:
981 2874 1133 2922 cuique
1154 2872 1354 2912 Heinsius
1490 2885 1540 2924 19
1568 2873 1802 2922 asperrime
1821 2872 1863 2910 A

195 2939 250 2965 20
281 2926 460 2965 Sisciam
480 2926 522 2964 B
539 2941 549 2965 τ
592 2926 703 2965 Sisci
723 2928 807 2965 iam
829 2926 872 2964 A
894 2941 904 2966 z
946 2927 1120 2966 Sistiam
1148 2926 1192 2965 P
1352 2940 1405 2965 22
1435 2927 1563 2966 ductu
1583 2927 1627 2964 A
1814 2939 1867 2976 23

196 2981 418 3019 utilitatem
437 2981 479 3018 A
639 2983 692 3018 26
720 2981 897 3020 becillus
916 2981 959 3019 A
1123 2995 1174 3032 27
1206 2982 1541 3021 districtissimus
1560 2980 1754 3031 Bentley:
1784 2981 1867 3019 dis-

197 3037 403 3073 traximus
423 3034 536 3075 AP:
566 3035 911 3074 distractissimus
930 3035 1164 3075 Rhenanus
1286 3038 1340 3075 28
1368 3037 1441 3075 uni
1462 3036 1635 3086 negotio
1659 3034 1866 3075 Gelenius:

201 3090 273 3128 uni
294 3090 440 3139 genito
460 3089 502 3127 A
520 3104 529 3131 :
562 3091 637 3129 uni
657 3090 819 3140 genitio
839 3089 881 3128 B
898 3104 907 3129 :
937 3091 1011 3129 uni
1029 3090 1073 3129 P

1004 3162 1087 3206 124
