2014 3392
800 248 1018 296 LIBER
1061 248 1117 296 II

121 406 301 450 emere,
340 387 504 438 uerbis
541 389 758 437 mulcere
804 386 1009 451 cupiens
1050 385 1407 449 clamitansque
1442 395 1492 435 et
1526 387 1795 436 ostendens

124 471 307 535 fugisse
321 470 613 530 Antonium,
630 469 912 533 quaerebat,
931 485 1023 532 pro
1046 485 1148 532 quo
1172 478 1222 517 et
1240 484 1355 517 cum
1380 484 1481 531 quo
1505 477 1792 531 pugnarent.

122 562 174 601 at
208 551 277 600 illi
313 569 428 601 cum
463 550 551 602 diu
585 567 675 615 pro
709 550 916 600 absente
950 548 1270 600 dimicassent
1305 550 1448 609 duce,
1491 565 1634 612 aegre
1669 565 1798 597 sum·
1820 561 1843 601 5

126 631 287 682 missis
317 631 466 682 armis
501 648 692 682 cessere
726 630 999 691 uictoriam,
1027 629 1271 694 citiusque
1308 628 1462 679 uitam
1498 628 1798 692 ueniamque

77 737 101 778 5
125 715 309 765 Caesar
342 712 581 777 promisit,
606 729 758 776 quam
790 711 884 761 illis
921 721 977 761 ut
1011 728 1122 761 eam
1158 719 1473 775 precarentur
1508 726 1798 774 persuasum

124 805 199 844 est
213 794 492 863 γῖιιὶῐᾳιιε
478 812 529 843 m
561 795 792 844 confesso
824 792 1004 843 milites
1036 791 1212 857 optimi
1247 790 1568 856 imperatoris,
1595 791 1800 855 impera-

124 887 282 926 torem
306 875 607 940 fugacissimi
643 874 811 924 militis
841 876 1068 924 functum
1099 876 1210 934 uice,
1237 883 1292 923 ut
1315 872 1527 934 dubites,
1554 889 1711 922 suone
1734 889 1805 921 an
1822 876 1848 918 6

126 959 422 1022 Cleopatrae
444 956 646 1007 arbitrio
670 955 929 1006 uictoriam
954 965 1312 1020 temperaturus
1337 954 1494 1016 fuerit,
1522 954 1609 1019 qui
1631 956 1802 1018 fugam

124 1041 190 1089 ad
228 1037 335 1088 eius
374 1037 629 1087 arbitrium
667 1037 896 1088 direxerit
933 1039 1090 1101 fugae.
1180 1036 1315 1087 idem
1362 1038 1552 1086 locatus
1587 1035 1639 1085 in
1675 1044 1802 1085 terra

75 1145 104 1174 0
126 1120 242 1171 fecit
265 1119 520 1180 exercituS,
547 1137 662 1169 cum
687 1136 741 1169 se
766 1118 1007 1171 Canidius
1039 1118 1294 1183 praecipiti
1326 1120 1442 1183 fuga
1472 1117 1713 1182 rapuisset
1735 1119 1805 1167 ad*

125 1201 415 1252 Antonium.

193 1282 332 1346 Quid
356 1282 438 1332 ille
461 1282 569 1332 dies
593 1292 829 1332 terrarum
854 1281 963 1332 orbi
994 1280 1300 1346 praestiterit,
1327 1299 1387 1331 ex
1418 1297 1520 1345 quo
1558 1280 1609 1330 in
1646 1297 1797 1344 quem
1820 1283 1893 1333 86

125 1374 308 1414 statum
346 1363 626 1428 peruenerit
662 1365 859 1413 fortuna
895 1362 1108 1427 publica,
1147 1362 1257 1427 quis
1293 1361 1345 1412 in
1380 1364 1479 1412 hoc
1519 1372 1800 1412 transcursu

127 1458 229 1496 tam
280 1445 422 1495 artati
480 1445 643 1510 operis
700 1444 972 1509 exprimere
1017 1446 1235 1495 audeat?
1292 1443 1500 1494 uictoria
1544 1461 1664 1494 uero
1710 1443 1806 1492 fuit·
1827 1459 1846 1486 2

81 1543 105 1585 5
128 1526 526 1587 clementissima,
566 1543 661 1576 nec
698 1526 962 1590 quisquam
1009 1525 1334 1590 interemptus
1381 1535 1468 1586 est,
1518 1524 1805 1590 paucissimi

126 1608 378 1669 summoti,
404 1608 491 1672 qui
514 1607 767 1672 deprecari
791 1607 996 1672 quidem
1021 1624 1111 1672 pro
1135 1625 1188 1658 se
1226 1624 1329 1657 non
1361 1607 1670 1657 sustinerent.
1744 1623 1805 1656 ex

107 1697 228 1754 'qua
250 1689 451 1740 lenitate
474 1689 617 1739 ducis
641 1688 805 1753 colligi
829 1688 1004 1753 potuit,
1025 1705 1176 1752 quem
1194 1698 1280 1738 aut
1304 1688 1445 1739 initio
1469 1688 1803 1738 triumuiratus

128 1770 204 1820 sui
237 1781 324 1820 aut
359 1770 411 1819 in
447 1769 636 1835 oempis
675 1769 948 1835 Philippiis,
975 1769 1017 1819 si
1049 1769 1120 1819 sic
1157 1769 1388 1831 licuisset,
1415 1769 1651 1820 uictoriae
1686 1786 1805 1819 suae

129 1853 346 1902 facturus
370 1850 515 1902 fuerit
539 1853 744 1900 modum.
816 1860 868 1900 at
905 1850 1103 1901 Sosium
1144 1852 1198 1900 L.
1226 1850 1429 1901 Arrunti
1462 1851 1622 1915 prisca
1651 1849 1807 1915 graui-

130 1943 231 1984 tate
276 1932 583 1983 celeberrimi
629 1934 768 1993 fides,
819 1949 935 1983 mox
989 1931 1075 1982 diu
1112 1949 1226 1982 cum
1281 1931 1545 1982 clementia
1592 1934 1805 1982 luctatus

129 2031 220 2065 sua
254 2015 451 2075 Caesar,
489 2013 705 2063 seruauit
740 2013 1057 2064 incolumem.
1148 2031 1251 2064 non
1287 2023 1618 2078 praetereatur
1662 2012 1805 2063 Asini
1829 2033 1853 2073 3

133 2094 370 2146 Pollionis
408 2096 593 2145 sactum
632 2105 682 2145 et
717 2094 908 2145 dictum
944 2094 1296 2145 memorabile:
1347 2111 1565 2159 namque
1601 2111 1716 2145 cum
1753 2111 1806 2145 se

130 2188 244 2243 post
279 2175 629 2227 Brundisinam
677 2192 852 2240 pacem
900 2175 1225 2226 continuisset
1260 2175 1311 2225 in
1345 2175 1489 2226 Italia
1522 2193 1687 2241 neque
1721 2186 1808 2226 aut

130 2257 337 2311 uidisset
377 2274 616 2322 umquam
658 2257 877 2322 reginam
912 2268 999 2308 aut
1036 2267 1149 2322 post
1184 2268 1475 2308 eneruatum
1507 2275 1677 2309 amore
1701 2258 1806 2309 eius

186 2390 215 2429 6
232 2387 311 2429 suit
326 2387 457 2440 quiin
473 2386 686 2427 consessio
702 2386 745 2427 A
833 2387 1092 2439 imperatore
1108 2386 1152 2426 A
1286 2400 1308 2438 7
1330 2388 1425 2428 uice
1440 2387 1535 2430 add.
1554 2388 1683 2428 Orelli
1760 2394 1809 2428 ut

133 2444 304 2484 dubites
330 2455 468 2483 suone
488 2442 648 2482 Bam:
696 2442 907 2482 uidebites
946 2455 1001 2482 ne
1038 2442 1082 2482 A
1104 2456 1114 2481 z
1143 2442 1307 2483 uidebit
1327 2457 1351 2483 e
1373 2456 1451 2482 suo
1470 2442 1536 2483 P:
1579 2443 1808 2483 dubitesne

136 2498 288 2540 Onlln':
316 2498 390 2538 uix
407 2498 576 2537 dubites
590 2510 671 2538 suo
686 2510 740 2537 an
768 2497 831 2537 Cl.
858 2496 1043 2538 Bemdt:
1074 2510 1179 2537 num
1210 2511 1264 2537 ne
1294 2498 1461 2538 dubites
1484 2510 1563 2537 suo
1583 2511 1637 2538 an
1659 2498 1809 2550 Cleop.

132 2553 308 2594 arbitrio
473 2553 500 2591 8
520 2552 648 2592 suerit
674 2550 776 2591 Voss
899 2552 953 2592 ad
974 2552 1066 2592 eius
1088 2551 1228 2602 sugam
1249 2553 1467 2593 arbitrium
1489 2553 1646 2593 direxit
1666 2553 1809 2604 sugam

131 2608 205 2650 A·
234 2609 287 2648 ad
308 2608 403 2648 eius
425 2607 643 2647 arbitrium
664 2606 823 2647 direxit
843 2606 982 2658 sugam
1002 2606 1055 2655 Ρ,
1077 2608 1232 2647 correxi
1246 2620 1297 2646 ex
1311 2607 1355 2647 A
1374 2621 1383 2648 z
1414 2607 1623 2652 direxerit
1642 2607 1780 2647 Halm
1799 2620 1809 2648 :

134 2662 293 2703 direxit
319 2661 412 2702 ΑΡ
529 2674 558 2713 9
585 2662 627 2701 in
650 2668 766 2701 terra
784 2674 836 2700 su
865 2674 986 2701 rascr.
1008 2661 1174 2701 interea
1191 2661 1235 2701 A
1355 2664 1405 2702 16
1434 2662 1634 2703 summoti
1654 2661 1806 2714 Baiter,

131 2717 180 2769 d
202 2717 343 2759 68.1:
384 2723 430 2757 et
460 2716 502 2757 hi
522 2715 637 2756 ΑΡ·
666 2716 791 2756 eiecti
872 2716 986 2758 alm.
1017 2717 1157 2756 exacti
1187 2730 1259 2769 ego
1277 2717 1377 2756 olum
1574 2730 1621 2768 17
1653 2717 1697 2756 in
1717 2716 1805 2770 del„

134 2770 226 2813 aab·
244 2778 445 2825 suprascr.
470 2771 591 2811 initio
610 2770 654 2810 A
770 2771 819 2810 18
837 2769 874 2811 si
895 2769 1035 2811 sicP:
1066 2770 1214 2811 sicA.
1243 2772 1279 2812 si
1296 2770 1434 2811 Burer
1562 2785 1614 2824 19
1638 2772 1809 2812 modum

133 2826 233 2868 add.
262 2826 497 2867 Rhenanus
713 2831 757 2865 at
787 2824 959 2865 Sosium
994 2825 1039 2868 L.
1062 2825 1256 2866 Arruntii
1282 2826 1527 2868 Puteanus,
1564 2827 1617 2867 ad
1657 2826 1810 2867 solium

138 2881 304 2935 (solium
323 2880 381 2931 P)
402 2880 600 2921 alamnt'
590 2893 633 2920 m
650 2880 791 2932 prisca
807 2878 922 2920 AP:
951 2879 1032 2920 uiri
1063 2881 1202 2932 prisca
1234 2880 1363 2921 Onlln
1488 2895 1543 2922 20
1571 2882 1778 2924 odium..
1799 2912 1811 2923 .

136 2936 349 2977 eluctatus
365 2934 547 2988 Madm‘g
653 2947 702 2974 21
726 2933 865 2974 Asinii
881 2933 974 2975 ΑΡ
1055 2947 1108 2975 22
1137 2948 1322 2987 namque
1341 2935 1458 2978 BA.
1488 2949 1584 2977 nam
1604 2935 1648 2977 P
1758 2948 1812 2989 23

138 3031 454 3074 Brundusinam
467 3032 511 3073 P
616 3044 669 3082 24
689 2999 922 3083 0-ssme
936 3029 981 3072 A
999 3030 1089 3086 (stc)

958 3177 1015 3221 99
1547 3158 1606 3209 ⁷*
