2014 3392
718 185 976 232 VELLEI
1015 185 1416 235 PATERCVLI

233 336 354 383 quas
402 330 451 370 et
493 322 674 372 Caesar
711 321 979 370 iustissimo
1016 321 1184 370 animo
1224 322 1506 384 postulabat
1545 330 1593 370 et
1632 320 1898 385 Pompeius

232 418 394 465 aequo
419 402 699 466 recipiebat,
727 402 956 452 discussit
979 419 1038 451 ac
1062 403 1205 466 rupit,
1233 403 1378 452 unice
1411 413 1618 452 cauente
1657 403 1898 454 Cicerone

232 484 528 533 concordiae
565 484 807 548 publicae.
880 485 1054 532 harum
1086 484 1554 547 praeteritarumque
1586 502 1746 533 rerum
1776 486 1899 533 ordo

233 582 347 613 cum
383 563 522 616 iustis
557 567 765 616 aliorum
802 566 1141 615 uoluminibus
1176 576 1442 628 promatur,
1474 576 1594 627 tum,
1634 567 1704 615 uti
1741 584 1897 630 spero,

185 655 209 693 6
234 647 411 696 nostris
450 647 782 711 explicabitur.
855 664 990 695 nunc
1027 646 1282 709 proposito
1321 647 1458 709 operi
1492 664 1581 695 sua
1612 649 1770 695 forma
1797 649 1902 696 red·
1923 665 1945 704 5

233 730 389 789 datur,
428 729 468 778 si
506 729 639 792 prius
676 730 942 792 gratulatus
982 745 1065 777 ero
1103 729 1163 789 Q.
1210 729 1403 788 Catulo,
1443 729 1640 777 duobus
1684 728 1901 777 Lucullis

235 811 542 873 Metelloque
567 819 615 859 et
642 808 929 868 Hortensio,
951 808 1050 872 qui,
1073 825 1187 857 cum
1212 808 1318 857 sine
1341 801 1530 858 inuidia
1553 809 1603 857 in
1629 827 1680 858 re
1703 808 1903 872 publica

234 891 514 940 floruissent
552 891 974 954 eminuissentque
1013 890 1118 940 sine
1155 890 1388 954 periculo,
1430 891 1597 954 quieta
1641 901 1726 940 aut
1773 900 1903 940 certe

235 993 336 1025 non
360 977 679 1040 praecipitata
702 977 835 1026 fatali
859 985 974 1025 ante
998 975 1191 1024 initium
1217 976 1459 1025 bellorum
1489 976 1709 1025 ciuilium
1746 987 1903 1026 morte
1992 1032 1994 1034 v

235 1059 392 1108 functi
417 1069 542 1108 sunt.
1929 1050 2005 1107 102⁶

140 1149 213 1196 49
307 1142 520 1189 Lentulo
568 1149 616 1189 et
664 1139 1236 1206 Marcello-“consulibus
1282 1148 1395 1202 post
1436 1140 1609 1190 urbem
1651 1142 1904 1192 conditam

1052 1203 1260 1224 N—*N

172 1278 175 1285 Ι
235 1221 378 1270 annis
409 1226 633 1282 †Dccm,
669 1231 718 1271 et
752 1239 912 1271 annos
949 1237 1152 1270 Lxxvm
1190 1230 1318 1281 ante,
1351 1238 1500 1285 quam
1527 1231 1594 1283 tu,
1624 1225 1694 1272 M.
1723 1224 1902 1286 Vinici,

173 1297 210 1365 {2
236 1305 547 1352 consulatum
602 1303 763 1364 inires,
812 1302 1426 1374 bQ-QHQJAESE·
1515 1305 1712 1355 alterius
1765 1307 1906 1356 ducis
2012 1293 2014 1322 ¹

172 1376 175 1396 ⁶
235 1402 396 1446 causa,
430 1385 603 1434 melior
644 1384 919 1445 uidebatur,
963 1383 1160 1455 alterius
1187 1393 1304 1455 merat
1345 1383 1557 1454 firmior:
1616 1385 1698 1434 hic
1739 1387 1908 1436 omnia
1980 1333 2014 1423 *i

236 1466 472 1529 speciosa,
536 1466 635 1515 illic
693 1466 936 1516 ualentia:
1014 1465 1310 1528 Pompeium
1369 1456 1567 1516 senatus
1625 1468 1903 1530 auctoritas,
1931 1433 2014 1591 15AE

236 1551 500 1600 Caesarem
559 1548 771 1619 militum
828 1548 1041 1616 armauit
1099 1548 1293 1598 fiducia
1403 1551 1632 1599 consules
1691 1561 1908 1602 senatus-

236 1647 334 1694 que
386 1642 576 1691 causae‚
632 1647 734 1680 non
787 1613 1029 1693 Pompeio
1083 1646 1328 1678 summam
1380 1629 1554 1693 imperi
1609 1632 1903 1682 detulerunt.

191 1728 214 1766 3
237 1711 359 1779 nihil
414 1711 655 1763 relictum
695 1729 728 1760 a
774 1713 1022 1770 Caesare,
1050 1712 1189 1773 quod
1245 1712 1518 1760 seruandae
1564 1711 1700 1774 pacis
1759 1730 1908 1762 causa
1993 1706 2014 1779 ἐξ

167 1822 173 1840 ,ι
237 1792 465 1856 temptari
502 1803 683 1856 posset,
724 1792 847 1841 nihil
885 1802 1139 1856 receptum
1180 1810 1210 1841 a
1248 1793 1579 1856 Pompeianis,
1623 1811 1738 1843 cum
1785 1798 1907 1845 alter
1989 1782 2014 1858 {i

237 1876 499 1923 consulum
523 1874 653 1923 iusto
678 1883 806 1923 esset
820 1873 1041 1934 ferocior,
1065 1874 1304 1922 Lentulus
1329 1891 1448 1923 uero
1473 1876 1609 1923 salua
1631 1892 1683 1924 re
1706 1876 1907 1939 publica
1933 1861 2014 1943 202}

238 1956 401 2004 saluus
439 1972 546 2004 esse
582 1972 684 2004 non
721 1963 902 2018 posset,
943 1956 1013 2002 M.
1053 1963 1219 2003 autem
1257 1956 1384 2004 Cato
1425 1955 1738 2004 moriendum
1775 1966 1904 2017 ante,
2013 1959 2014 1964 ’

239 2053 389 2099 quam
427 2038 578 2085 ullam
618 2036 967 2086 condicionem
1006 2036 1174 2088 †ciuis
1212 2036 1554 2099 accipiendam
1587 2037 1656 2086 rei
1679 2038 1908 2101 publicae
1985 2031 2014 2048 ⁴³

240 2119 575 2177 contenderet,
604 2117 677 2166 uir
708 2116 941 2180 antiquus
974 2126 1023 2166 et
1055 2116 1215 2180 grauis
1250 2117 1458 2180 Pompei
1489 2127 1650 2180 partes
1688 2120 1909 2169 laudaret
1986 2112 2014 2172 ‚¹

239 2198 407 2262 magis,
457 2201 674 2262 prudens
722 2209 1006 2263 sequeretur
1053 2201 1276 2251 Caesaris
1324 2211 1372 2250 et
1418 2201 1501 2250 illa
1553 2202 1777 2265 gloriosa,
1826 2203 1909 2253 illa

294 2346 318 2371 2
348 2331 532 2371 kauente
552 2330 595 2368 A
617 2345 627 2370 ε
656 2331 828 2371 fauente
849 2331 1029 2383 Maduz'g
1183 2347 1208 2382 4
1238 2333 1387 2372 iustius
1406 2332 1504 2383 ΑΡ,
1527 2345 1608 2372 em.
1637 2333 1834 2386 Gelenius,
1859 2335 1907 2385 cf
1935 2375 1938 2379 ,
2011 2350 2014 2382 ;

242 2399 330 2438 119.
353 2399 371 2424 1
498 2400 525 2436 9
553 2386 830 2437 praecipitata
850 2387 1022 2426 ciuitate
1039 2387 1244 2426 Ruhnken
1263 2402 1273 2427 ε
1303 2387 1523 2438 praecipiti
1544 2387 1715 2428 ciuitate
1730 2389 1911 2442 Madusg
1984 2438 1985 2441 Ἴ

242 2469 288 2494 11
323 2454 482 2494 COSS.
512 2454 577 2494 P:
607 2468 674 2496 CN.
698 2455 741 2493 A
859 2469 908 2495 12
937 2458 1059 2497 annis
1087 2457 1200 2497 AP:
1238 2472 1276 2497 a·
1298 2470 1361 2497 cc·
1382 2471 1432 2497 111
1451 2457 1567 2496 AB:
1601 2470 1732 2496 Accm
1752 2457 1802 2510 P,
1827 2471 1903 2497 cor-

240 2510 342 2548 rexit
374 2510 561 2548 Gelenius
729 2521 777 2559 15
806 2516 915 2560 spet.
949 2511 991 2549 A
1179 2525 1227 2563 17
1257 2526 1345 2552 non
1378 2511 1491 2551 AP:
1533 2512 1708 2551 nornine
1746 2512 1909 2551 Gronov

239 2564 299 2603 ad
323 2564 431 2603 Stat.
453 2564 502 2604 S.
528 2564 585 2605 iii.
617 2578 654 2615 3.
682 2571 723 2616 p.
745 2567 826 2615 336
854 2565 913 2604 ed.
941 2565 1088 2608 Hand.
1133 2565 1221 2606 Sed
1244 2567 1294 2617 cfi
1324 2566 1466 2606 Lucan
1495 2579 1533 2606 v.
1564 2579 1613 2617 14
1643 2580 1729 2606 non
1760 2567 1907 2616 Magni

240 2625 397 2670 partes,
433 2619 510 2657 sed
541 2619 742 2669 Magnum
773 2620 815 2658 in
845 2620 1036 2670 partibus
1071 2634 1168 2660 esse
1390 2634 1441 2671 19
1468 2621 1666 2670 temptari
1695 2621 1738 2659 A
1769 2622 1903 2672 prius,

234 2692 330 2740 post
361 2687 532 2735 tentari,
568 2688 682 2738 quod
713 2688 829 2726 habet
859 2693 897 2726 et
924 2688 967 2726 P
1090 2689 1226 2729 altero
1245 2688 1335 2728 ΑΡ
1440 2702 1494 2728 20
1524 2690 1647 2729 COS.
1668 2688 1711 2726 A
1733 2703 1743 2728 z
1781 2689 1906 2729 COS.

240 2742 306 2782 P:
350 2755 442 2781 cum
482 2743 591 2781 alter
627 2743 851 2782 consulum
880 2742 1017 2781 Halm
1193 2757 1243 2782 21
1277 2744 1420 2783 saluus
1454 2743 1542 2794 del„
1579 2744 1670 2783 dein
1704 2750 1905 2794 suprascr.

242 2810 335 2836 curn
370 2797 514 2836 saluus
547 2796 590 2834 A
758 2811 810 2836 22
839 2798 1126 2837 conditionem
1163 2798 1250 2852 (sic)
1279 2798 1322 2836 A
1354 2798 1492 2837 omisit
1517 2799 1560 2837 in
1590 2802 1714 2847 textu,
1741 2798 1833 2837 add.
1862 2798 1905 2837 in

244 2864 374 2902 marg.
514 2851 620 2890 ciuis
648 2850 760 2890 AP:
799 2852 986 2891 cuiusuis
1016 2853 1252 2893 Ruhnken:
1281 2866 1386 2891 num
1416 2866 1509 2892 curn
1541 2853 1660 2893 ciue?
1853 2865 1906 2902 23

235 2910 331 2956 post
372 2907 653 2945 contenderet
696 2907 823 2958 uulgo
868 2906 1074 2957 (superum
1112 2908 1236 2946 secuti
1268 2908 1386 2958 plene
1425 2908 1746 2959 interpungunt:
1803 2907 1910 2946 mihi

244 2960 406 2998 uidetur
429 2961 611 2999 clausula
642 2960 708 2999 uir
728 2991 737 3001 .
761 2991 770 3001 .
794 2991 803 3000 .
824 2961 999 3001 duceret
1038 2962 1170 3000 artius
1220 2975 1313 3001 cum
1345 2961 1669 3012 praecedentibus
1707 2961 1907 2999 cohaerere

243 3027 370 3064 quam
402 3019 448 3052 ut
474 3015 525 3052 ab
552 3015 603 3053 iis
630 3014 887 3054 distrahatur
1044 3028 1096 3067 24
1127 3016 1199 3056 illa
1220 3047 1229 3057 .
1252 3046 1262 3056 .
1283 3046 1294 3056 .
1315 3016 1386 3055 illa
1414 3015 1457 3054 A
1478 3029 1488 3055 :
1535 3016 1605 3056 illa
1623 3046 1634 3057 .
1659 3046 1668 3057 .
1691 3045 1700 3055 .
1721 3015 1829 3055 haec
1866 3014 1910 3054 P

240 3067 426 3118 gloriosa
445 3068 558 3109 AP:
586 3069 838 3120 gloriosiora
860 3069 994 3121 Cuper
1628 3070 1645 3090 ⁶

1046 3134 1098 3175 68

1990 3024 1997 3031 Α
1990 2924 2005 3012 cca„
1985 2886 2002 2912 A*
1984 2853 1992 2860 ¹
1984 2643 2007 2843 hos-Abit„
