2014 3392
723 202 981 250 VELLEI
1020 199 1419 248 PATERCVLI

238 342 423 392 bellum
462 341 854 392 Mithridaticum
889 359 976 405 per
1011 343 1103 392 Cn.
1135 340 1430 403 Pompeium
1465 337 1894 387 administraretur.

112 414 115 417 ’
193 440 211 466 2
236 433 440 487 accepta
464 441 523 473 ea
545 431 615 472 est
635 424 925 488 magnisque
950 432 1188 472 certatum
1220 421 1345 470 inter
1369 420 1686 483 imperatores
1718 418 1896 481 iurgiis,

236 522 352 554 cum
386 505 652 569 Pompeius
679 507 889 554 Lucullo
921 504 1174 553 infamiam
1206 502 1460 566 pecuniae,
1489 502 1724 550 Lucullus
1758 503 1901 548 Pom-

236 586 350 649 peio
386 586 750 636 interminatam
793 586 1115 650 cupiditatem
1157 585 1374 634 obiceret
1415 583 1590 646 imperi
1630 591 1901 645 neuterque

188 681 211 719 3
235 669 299 717 ab
336 685 533 732 eoquo
569 668 862 731 arguebatur
893 666 1127 716 mentitus
1163 665 1299 728 argui
1333 673 1513 728 posset.
1586 680 1703 712 nam
1739 679 1901 726 neque
1925 672 1989 714 5

237 749 519 813 Pompeius,
569 759 623 798 ut
669 750 884 812 primum
930 750 995 798 ad
1041 765 1145 797 rem
1191 747 1443 810 publicam
1498 747 1756 808 adgressus
1812 754 1899 803 est,

238 849 540 895 quemquam
573 831 785 883 †animo
817 848 985 894 parem
1018 830 1140 890 tulit,
1169 839 1217 878 et
1249 829 1300 877 in
1325 829 1505 892 quibus
1537 828 1683 876 rebus
1715 826 1902 889 primus

237 930 344 962 esse
377 913 606 972 debebat,
635 914 767 961 solus
801 929 909 960 esse
940 910 1171 974 cupiebat
1198 909 1381 1000 (neque
1414 926 1474 958 eo
1507 908 1613 957 uiro
1639 908 1902 971 quisquam
1984 919 1996 962 ρ’·

236 1005 320 1043 aut
344 995 439 1043 alia
463 994 631 1043 omnia
655 994 818 1042 minus
842 1002 927 1042 aut
958 993 1162 1056 gloriam
1195 991 1348 1054 magis
1382 990 1647 1053 concupiit,
1674 990 1725 1038 in
1757 1007 1903 1053 appe·
1986 1046 1990 1055 ,

169 1101 171 1107 ·
236 1076 398 1126 tendis
440 1076 712 1126 honoribus
754 1075 1048 1134 inmodicus,
1089 1074 1140 1122 in
1175 1073 1401 1137 gerendis
1437 1072 1900 1131 uerecundissimus,
1932 1043 2007 1165 103

236 1168 290 1207 ut
327 1158 412 1222 qui
449 1175 534 1207 eos
572 1167 626 1206 ut
662 1157 986 1207 libentissime
1016 1156 1173 1216 iniret,
1212 1156 1280 1204 ita
1316 1155 1476 1204 finiret
1516 1171 1678 1218 aequo
1719 1153 1901 1213 animo,
1980 1133 2004 1218 31}

187 1252 213 1290 4
237 1249 286 1289 et
311 1242 448 1304 quod
478 1239 706 1303 cupisset,
733 1239 933 1288 arbitrio
966 1255 1056 1287 suo
1090 1247 1317 1297 sumeret,
1343 1237 1506 1286 alieno
1539 1234 1830 1300 deponeret)
1857 1243 1906 1284 et

239 1323 489 1376 Lucullus,
529 1339 751 1370 summus
788 1320 974 1383 alioqui
1010 1319 1098 1380 uir,
1136 1321 1364 1382 profusae
1401 1318 1546 1367 huius
1582 1317 1634 1366 in
1669 1315 1905 1366 aedificiis
1978 1359 1979 1365 ,

238 1403 651 1466 conuictibusque
687 1412 735 1452 et
770 1402 1085 1465 apparatibus
1120 1401 1337 1450 luxuriae
1372 1399 1558 1464 primus
1593 1409 1764 1448 auctor
1798 1398 1903 1458 fuit,

239 1502 388 1548 quem
413 1485 480 1533 ob
505 1484 708 1533 iniectas
733 1485 889 1532 moles
914 1482 1036 1531 mari
1060 1491 1108 1531 et
1131 1491 1384 1545 receptum
1409 1480 1627 1530 suffossis
1652 1479 1904 1529 montibus
1933 1493 1946 1522 1

239 1567 290 1615 in
338 1576 486 1615 terras
530 1582 662 1614 mare
703 1566 838 1613 haud
879 1564 1089 1612 infacete
1138 1565 1352 1626 Magnus
1394 1561 1661 1625 Pompeius
1707 1563 1904 1610 Xerxen

238 1657 460 1711 togatum
485 1663 665 1695 uocare
688 1647 994 1694 adsueuerat.
1978 1647 2014 1686 5

137 1742 216 1790 vr34
307 1733 404 1779 Per
445 1729 498 1778 id
545 1739 740 1791 tempus
786 1745 817 1776 a
863 1729 926 1789 Q.
978 1728 1184 1775 Metello
1232 1727 1379 1776 Creta
1432 1724 1593 1774 insula
1637 1724 1688 1772 in
1735 1723 1907 1787 populi

241 1811 459 1861 Romani
498 1819 794 1874 potestatem
835 1810 1034 1858 redacta
1074 1817 1161 1868 est,
1201 1824 1329 1871 quae
1370 1806 1581 1856 ducibus
1623 1809 1811 1856 Panare
1858 1815 1907 1856 et
2012 1814 2014 1821 ’

241 1895 489 1942 Lasthene
530 1908 688 1940 xxlm
732 1890 930 1940 milibus
971 1891 1209 1939 iuuenum
1257 1889 1455 1949 coactis,
1494 1888 1757 1938 uelocitate
1803 1905 1907 1952 per·
1931 1915 1951 1944 2

239 1974 447 2033 nicibus,
474 1990 722 2022 armorum
746 1972 1074 2034 laborumque
1096 1970 1478 2034 patientissimis,
1506 1970 1788 2034 sagittarum
1813 1989 1906 2020 usu

240 2055 584 2114 celeberrimis,
615 2071 703 2118 per
737 2054 1002 2103 triennium
1040 2056 1297 2102 Romanos
1333 2052 1571 2102 exercitus
1607 2052 1904 2116 fatigauerat.

195 2158 213 2185 2
242 2156 297 2186 ne
332 2138 396 2186 ab
432 2137 578 2185 huius
604 2136 807 2199 quidem
843 2153 991 2184 usura
1024 2135 1205 2198 gloriae
1241 2134 1533 2198 temperauit
1564 2134 1786 2183 animum
1811 2137 1903 2186 Cn.
1962 2126 1965 2130 .

243 2219 525 2282 Pompeius,
553 2218 674 2282 quin
707 2217 945 2267 uictoriae
977 2227 1166 2280 partem
1199 2226 1457 2266 conaretur
1481 2216 1744 2266 uindicare.
1818 2218 1907 2266 sed

1981 765 2004 940 &Clau-a:
1988 723 2005 749 ς.
1997 668 2004 706 „⁴
1985 626 2002 642 ῐῖ,
1996 602 1998 606 -

1985 974 2004 1060 2241
1998 959 2007 971 .-

297 2361 322 2385 2
351 2351 540 2397 acceptae
561 2349 599 2385 &
620 2345 710 2391 del„
732 2345 822 2384 dein
842 2351 1018 2395 accepta
1039 2359 1090 2384 ea
1109 2344 1151 2382 A
1170 2359 1179 2386 :
1216 2350 1391 2395 accepta
1409 2358 1462 2383 ea
1480 2344 1543 2386 P:
1573 2351 1751 2396 accepta
1772 2358 1823 2384 ea
1842 2351 1908 2385 est
1970 2379 1972 2382 ,

240 2402 384 2452 scripsi
556 2414 581 2450 4
610 2401 813 2439 obiiceret
832 2400 997 2450 imperii
1016 2399 1104 2438 ΑΡ
1211 2405 1445 2450 neuterque
1473 2400 1537 2440 B:
1574 2413 1629 2438 ne
1658 2406 1834 2450 uterque
1853 2400 1903 2451 P,

241 2455 314 2494 sed
336 2455 568 2495 Rhenanus
594 2456 639 2493 in
668 2467 800 2506 marg.
834 2454 1050 2493 adnotauz't
1080 2454 1255 2493 ‘melius
1284 2454 1319 2493 si
1348 2455 1428 2503 leg.
1454 2453 1579 2494 nec':
1619 2468 1702 2494 nee
1729 2460 1907 2505 uterque

240 2509 283 2547 A
305 2511 391 2560 (sic)
594 2522 619 2559 5
648 2510 701 2548 ab
730 2522 781 2547 eo
807 2510 922 2559 quod
948 2509 1205 2558 arguebatur
1233 2508 1344 2548 AP:
1381 2510 1433 2548 ab
1461 2522 1513 2547 eo
1541 2522 1624 2559 quo
1653 2510 1909 2559 arguebatur

245 2564 459 2604 Gelenius:
506 2565 560 2603 ab
595 2578 649 2603 eo
681 2564 754 2614 qui
788 2564 1046 2613 arguebatur
1077 2563 1257 2614 Madutjg·
1452 2565 1480 2602 6
1508 2564 1560 2602 ad
1593 2564 1708 2603 BA:
1752 2577 1835 2604 om.
1868 2563 1911 2602 P

244 2645 267 2682 7
298 2634 439 2672 animo
458 2632 502 2671 P
514 2647 524 2672 z
539 2627 618 2672 ff
636 2633 815 2685 (animo)
830 2633 969 2684 potius
987 2645 1117 2683 quam
1135 2627 1223 2671 ΞΗ-
1227 2631 1420 2685 (aliquid)
1440 2631 1482 2669 A
1505 2647 1514 2671 :
1531 2632 1635 2681 fort.
1657 2632 1700 2671 in
1721 2632 1879 2682 aliquid
1896 2646 1907 2671 ε

243 2687 416 2726 οιῃῃιῖηο
436 2687 652 2726 Acidalius
670 2703 679 2727 :
707 2701 845 2737 aequo
865 2687 1006 2726 animo
1025 2688 1194 2738 Lapsius
1311 2699 1339 2736 9
1366 2686 1462 2736 adp.
1484 2685 1574 2724 ΑΡ
1694 2699 1738 2725 11
1772 2693 1815 2725 et
1834 2687 1907 2736 qui

242 2742 412 2793 Lipsius
429 2742 627 2793 probante
645 2742 824 2793 Maduzg
841 2741 884 2781 ii.
905 2755 985 2791 303
1006 2740 1206 2791 etyNova'k
1373 2753 1421 2778 12
1452 2746 1640 2780 sumeret
1659 2741 1877 2780 Acidalius
1897 2756 1906 2781 :

242 2809 413 2835 sumere
433 2795 523 2833 ΑΡ
687 2798 736 2835 16
764 2797 949 2835 infacete
967 2795 1013 2833 A
1033 2810 1042 2835 :
1070 2796 1240 2834 insectae
1259 2793 1310 2847 P,
1341 2794 1414 2833 sed
1437 2795 1668 2834 Rhenanus
1694 2796 1739 2834 in
1769 2808 1903 2846 marg.

242 2851 461 2889 adnotauit
482 2850 493 2872 ‘
510 2856 612 2900 puto
642 2851 694 2891 le.
715 2851 899 2890 infacete
928 2851 999 2889 uel
1028 2849 1251 2889 infestiue'
1363 2849 1533 2888 Xersen
1551 2849 1642 2887 ΑΡ
1805 2851 1854 2888 18
1881 2864 1907 2889 a

243 2904 292 2953 Q.
310 2905 376 2944 P:
397 2918 461 2954 aq.
479 2905 521 2942 A
636 2919 689 2944 20
713 2906 928 2944 Lasthane
949 2904 992 2942 A
1120 2917 1169 2943 21
1192 2904 1380 2953 laboruq.
1402 2903 1444 2940 A
1548 2917 1600 2942 22
1622 2903 1842 2943 Romanus
1861 2903 1903 2941 A

242 2972 294 3008 23
324 2972 378 2998 ne
398 2959 490 2999 add.
517 2959 703 2998 Gelenius
837 2973 992 2999 usurae
1011 2958 1146 3009 gloria
1165 2957 1264 3010 ΑΡ,
1287 2971 1364 2997 em.
1386 2958 1615 2998 Rhenanus
1722 2970 1775 3007 24
1804 2958 1906 3008 quin

245 3013 459 3054 Gelenius:
488 3015 561 3063 qui
581 3013 671 3051 AP

1048 3125 1099 3164 52

1115 3283 1201 3364 s

1967 3165 1983 3234 ‘SR-S·
1967 3059 1985 3154 “5234'
1969 3019 1986 3048 ’νὴ
1986 2995 1987 2998 Α
