<?xml version="1.0" encoding="UTF-8"?>
<!DOCTYPE html PUBLIC "-//W3C//DTD XHTML 1.0 Transitional//EN"
    "http://www.w3.org/TR/xhtml1/DTD/xhtml1-transitional.dtd">
<html xmlns="http://www.w3.org/1999/xhtml" xml:lang="en" lang="en">
 <head>
  <title>
</title>
<meta http-equiv="Content-Type" content="text/html;charset=utf-8" />
  <meta name='ocr-system' content='tesseract 3.04.00' />
  <meta name='ocr-capabilities' content='ocr_page ocr_carea ocr_par ocr_line ocrx_word'/>
</head>
<body>
  <div class='ocr_page' id='page_1' title='image "admviniciumlibri00velluoft_0085.png"; bbox 0 0 2014 3392; ppageno 0'>
   <div class='ocr_carea' id='block_1_1' title="bbox 0 664 276 2811">
    <p class='ocr_par' dir='ltr' id='par_1_1' title="bbox 0 664 276 2811">
     <span class='ocr_line' id='line_1_1' title="bbox 0 664 79 906; baseline 0 -78"><span class='ocrx_word' id='word_1_1' title='bbox 0 664 79 906; x_wconf 95' lang='lat' dir='ltr'>   </span> 
     </span>
     <span class='ocr_line' id='line_1_2' title="bbox 0 906 70 991; baseline 0 2401"><span class='ocrx_word' id='word_1_2' title='bbox 0 906 70 991; x_wconf 95' lang='lat' dir='ltr'> </span> 
     </span>
     <span class='ocr_line' id='line_1_3' title="bbox 0 991 74 1070; baseline 0 2322"><span class='ocrx_word' id='word_1_3' title='bbox 0 991 74 1070; x_wconf 95' lang='lat' dir='ltr'> </span> 
     </span>
     <span class='ocr_line' id='line_1_4' title="bbox 0 1070 81 1151; baseline 0 2241"><span class='ocrx_word' id='word_1_4' title='bbox 0 1070 81 1151; x_wconf 95' lang='lat' dir='ltr'> </span> 
     </span>
     <span class='ocr_line' id='line_1_5' title="bbox 0 1151 81 1242; baseline 0 2150"><span class='ocrx_word' id='word_1_5' title='bbox 0 1151 81 1242; x_wconf 95' lang='lat' dir='ltr'> </span> 
     </span>
     <span class='ocr_line' id='line_1_6' title="bbox 0 1242 81 1321; baseline 0 2071"><span class='ocrx_word' id='word_1_6' title='bbox 0 1242 81 1321; x_wconf 95' lang='lat' dir='ltr'> </span> 
     </span>
     <span class='ocr_line' id='line_1_7' title="bbox 0 1321 81 1482; baseline 0 -100"><span class='ocrx_word' id='word_1_7' title='bbox 0 1321 81 1482; x_wconf 95' lang='lat' dir='ltr'>  </span> 
     </span>
     <span class='ocr_line' id='line_1_8' title="bbox 0 1482 83 1561; baseline 0 1831"><span class='ocrx_word' id='word_1_8' title='bbox 0 1482 83 1561; x_wconf 95' lang='lat' dir='ltr'> </span> 
     </span>
     <span class='ocr_line' id='line_1_9' title="bbox 0 1561 83 1643; baseline 0 1749"><span class='ocrx_word' id='word_1_9' title='bbox 0 1561 83 1643; x_wconf 95' lang='lat' dir='ltr'> </span> 
     </span>
     <span class='ocr_line' id='line_1_10' title="bbox 0 1643 83 1731; baseline 0 1661"><span class='ocrx_word' id='word_1_10' title='bbox 0 1643 83 1731; x_wconf 95' lang='lat' dir='ltr'> </span> 
     </span>
     <span class='ocr_line' id='line_1_11' title="bbox 0 1731 80 1812; baseline 0 1580"><span class='ocrx_word' id='word_1_11' title='bbox 0 1731 80 1812; x_wconf 95' lang='lat' dir='ltr'> </span> 
     </span>
     <span class='ocr_line' id='line_1_12' title="bbox 0 1812 80 1894; baseline 0 1498"><span class='ocrx_word' id='word_1_12' title='bbox 0 1812 80 1894; x_wconf 95' lang='lat' dir='ltr'> </span> 
     </span>
     <span class='ocr_line' id='line_1_13' title="bbox 0 1894 85 1972; baseline 0 1420"><span class='ocrx_word' id='word_1_13' title='bbox 0 1894 85 1972; x_wconf 95' lang='lat' dir='ltr'> </span> 
     </span>
     <span class='ocr_line' id='line_1_14' title="bbox 0 1972 85 2056; baseline 0 1336"><span class='ocrx_word' id='word_1_14' title='bbox 0 1972 85 2056; x_wconf 95' lang='lat' dir='ltr'> </span> 
     </span>
     <span class='ocr_line' id='line_1_15' title="bbox 0 2056 85 2136; baseline 0 1256"><span class='ocrx_word' id='word_1_15' title='bbox 0 2056 85 2136; x_wconf 95' lang='lat' dir='ltr'> </span> 
     </span>
     <span class='ocr_line' id='line_1_16' title="bbox 0 2136 86 2390; baseline 0 -93"><span class='ocrx_word' id='word_1_16' title='bbox 0 2136 86 2390; x_wconf 95' lang='lat' dir='ltr'>    </span> 
     </span>
     <span class='ocr_line' id='line_1_17' title="bbox 0 2390 276 2557; baseline 0.014 -54"><span class='ocrx_word' id='word_1_17' title='bbox 0 2390 276 2557; x_wconf 95' lang='lat' dir='ltr'>    </span> 
     </span>
     <span class='ocr_line' id='line_1_18' title="bbox 0 2557 92 2722; baseline 0 -56"><span class='ocrx_word' id='word_1_18' title='bbox 0 2557 92 2722; x_wconf 95' lang='lat' dir='ltr'>   </span> 
     </span>
     <span class='ocr_line' id='line_1_19' title="bbox 0 2722 248 2811; baseline 0 -85"><span class='ocrx_word' id='word_1_19' title='bbox 0 2722 248 2811; x_wconf 95' lang='lat' dir='ltr'>  </span> 
     </span>
    </p>
   </div>
   <div class='ocr_carea' id='block_1_2' title="bbox 768 263 1077 312">
    <p class='ocr_par' dir='ltr' id='par_1_2' title="bbox 768 263 1077 312">
     <span class='ocr_line' id='line_1_20' title="bbox 768 263 1077 312; baseline 0 0"><span class='ocrx_word' id='word_1_20' title='bbox 768 264 985 312; x_wconf 92' lang='lat' dir='ltr'>LIBER</span> <span class='ocrx_word' id='word_1_21' title='bbox 1021 263 1077 312; x_wconf 95' lang='lat'>11</span> 
     </span>
    </p>
   </div>
   <div class='ocr_carea' id='block_1_3' title="bbox 12 398 1853 2265">
    <p class='ocr_par' dir='ltr' id='par_1_3' title="bbox 96 398 1763 467">
     <span class='ocr_line' id='line_1_21' title="bbox 96 398 1763 467; baseline -0.007 -9"><span class='ocrx_word' id='word_1_22' title='bbox 96 418 146 459; x_wconf 92' lang='lat' dir='ltr'>et</span> <span class='ocrx_word' id='word_1_23' title='bbox 186 405 381 457; x_wconf 89' lang='lat' dir='ltr'>Luculli</span> <span class='ocrx_word' id='word_1_24' title='bbox 420 414 471 455; x_wconf 91' lang='lat' dir='ltr'>et</span> <span class='ocrx_word' id='word_1_25' title='bbox 508 403 702 454; x_wconf 89' lang='lat' dir='ltr'><strong>Metelli</strong></span> <span class='ocrx_word' id='word_1_26' title='bbox 741 402 1048 467; x_wconf 89' lang='lat' dir='ltr'>triumphum</span> <span class='ocrx_word' id='word_1_27' title='bbox 1088 418 1203 451; x_wconf 93' lang='lat' dir='ltr'>cum</span> <span class='ocrx_word' id='word_1_28' title='bbox 1244 400 1466 465; x_wconf 89' lang='lat' dir='ltr'>ipsorum</span> <span class='ocrx_word' id='word_1_29' title='bbox 1507 398 1763 464; x_wconf 88' lang='lat' dir='ltr'>singularis</span> 
     </span>
    </p>

    <p class='ocr_par' dir='ltr' id='par_1_4' title="bbox 13 482 1765 550">
     <span class='ocr_line' id='line_1_22' title="bbox 13 482 1765 550; baseline -0.007 -8"><span class='ocrx_word' id='word_1_30' title='bbox 13 512 16 514; x_wconf 86' lang='lat'>·</span> <span class='ocrx_word' id='word_1_31' title='bbox 95 490 264 550; x_wconf 86' lang='lat' dir='ltr'>uirtus,</span> <span class='ocrx_word' id='word_1_32' title='bbox 290 499 396 538; x_wconf 92' lang='lat' dir='ltr'>tum</span> <span class='ocrx_word' id='word_1_33' title='bbox 433 487 582 538; x_wconf 86' lang='lat' dir='ltr'>etiam</span> <span class='ocrx_word' id='word_1_34' title='bbox 613 485 805 536; x_wconf 87' lang='lat' dir='ltr'>inuidia</span> <span class='ocrx_word' id='word_1_35' title='bbox 835 484 1046 549; x_wconf 88' lang='lat' dir='ltr'>Pompei</span> <span class='ocrx_word' id='word_1_36' title='bbox 1075 485 1211 548; x_wconf 93' lang='lat' dir='ltr'>apud</span> <span class='ocrx_word' id='word_1_37' title='bbox 1242 482 1488 547; x_wconf 89' lang='lat' dir='ltr'>optimum</span> <span class='ocrx_word' id='word_1_38' title='bbox 1512 498 1765 546; x_wconf 86' lang='lat' dir='ltr'>quemque</span> 
     </span>
    </p>

    <p class='ocr_par' dir='ltr' id='par_1_5' title="bbox 12 563 1808 726">
     <span class='ocr_line' id='line_1_23' title="bbox 12 563 1808 631; baseline -0.006 -9"><span class='ocrx_word' id='word_1_39' title='bbox 12 598 23 615; x_wconf 71' lang='lat'>··</span> <span class='ocrx_word' id='word_1_40' title='bbox 48 596 51 597; x_wconf 39' lang='lat'><em>⁷</em></span> <span class='ocrx_word' id='word_1_41' title='bbox 94 570 210 622; x_wconf 81' lang='lat' dir='ltr'>fecit</span> <span class='ocrx_word' id='word_1_42' title='bbox 232 568 571 619; x_wconf 82' lang='lat' dir='ltr'>fauorabilem.</span> <span class='ocrx_word' id='word_1_43' title='bbox 642 583 731 631; x_wconf 90' lang='lat' dir='ltr'>per</span> <span class='ocrx_word' id='word_1_44' title='bbox 752 567 878 616; x_wconf 87' lang='lat' dir='ltr'>haec</span> <span class='ocrx_word' id='word_1_45' title='bbox 907 575 1133 629; x_wconf 90' lang='lat' dir='ltr'>tempora</span> <span class='ocrx_word' id='word_1_46' title='bbox 1158 567 1230 614; x_wconf 90' lang='lat' dir='ltr'>M.</span> <span class='ocrx_word' id='word_1_47' title='bbox 1259 563 1450 624; x_wconf 90' lang='lat' dir='ltr'>Cicero,</span> <span class='ocrx_word' id='word_1_48' title='bbox 1478 563 1564 628; x_wconf 89' lang='lat' dir='ltr'>qui</span> <span class='ocrx_word' id='word_1_49' title='bbox 1596 563 1766 613; x_wconf 91' lang='lat' dir='ltr'>omnia</span> <span class='ocrx_word' id='word_1_50' title='bbox 1785 583 1808 623; x_wconf 83' lang='lat'><strong>3</strong></span> 
     </span>
     <span class='ocr_line' id='line_1_24' title="bbox 13 646 1766 726; baseline -0.006 -22"><span class='ocrx_word' id='word_1_51' title='bbox 13 655 35 726; x_wconf 69' lang='grc' dir='ltr'><strong><em>ζ</em></strong></span> <span class='ocrx_word' id='word_1_52' title='bbox 93 653 399 704; x_wconf 88' lang='lat' dir='ltr'>incrementa</span> <span class='ocrx_word' id='word_1_53' title='bbox 426 668 516 701; x_wconf 91' lang='lat' dir='ltr'>sua</span> <span class='ocrx_word' id='word_1_54' title='bbox 546 649 642 700; x_wconf 90' lang='lat' dir='ltr'>sibi</span> <span class='ocrx_word' id='word_1_55' title='bbox 672 649 861 710; x_wconf 89' lang='lat' dir='ltr'>debuit,</span> <span class='ocrx_word' id='word_1_56' title='bbox 886 648 963 698; x_wconf 91' lang='lat' dir='ltr'>uir</span> <span class='ocrx_word' id='word_1_57' title='bbox 993 647 1228 698; x_wconf 89' lang='lat' dir='ltr'>nouitatis</span> <span class='ocrx_word' id='word_1_58' title='bbox 1259 646 1598 697; x_wconf 85' lang='lat' dir='ltr'>nobilissimae</span> <span class='ocrx_word' id='word_1_59' title='bbox 1630 655 1679 695; x_wconf 92' lang='lat' dir='ltr'>et</span> <span class='ocrx_word' id='word_1_60' title='bbox 1710 654 1766 695; x_wconf 90' lang='lat' dir='ltr'>ut</span> 
     </span>
    </p>

    <p class='ocr_par' dir='ltr' id='par_1_6' title="bbox 14 727 1767 1038">
     <span class='ocr_line' id='line_1_25' title="bbox 65 727 1766 795; baseline -0.005 -11.262"><span class='ocrx_word' id='word_1_61' title='bbox 65 729 75 735; x_wconf 53' lang='lat'>⁵</span> <span class='ocrx_word' id='word_1_62' title='bbox 92 733 197 784; x_wconf 87' lang='lat' dir='ltr'>uita</span> <span class='ocrx_word' id='word_1_63' title='bbox 234 735 408 793; x_wconf 77' lang='lat' dir='ltr'>claruS,</span> <span class='ocrx_word' id='word_1_64' title='bbox 447 731 517 781; x_wconf 86' lang='lat' dir='ltr'>ita</span> <span class='ocrx_word' id='word_1_65' title='bbox 554 730 756 795; x_wconf 89' lang='lat' dir='ltr'>ingenio</span> <span class='ocrx_word' id='word_1_66' title='bbox 795 729 1053 789; x_wconf 87' lang='lat' dir='ltr'>maximus,</span> <span class='ocrx_word' id='word_1_67' title='bbox 1095 728 1183 793; x_wconf 91' lang='lat' dir='ltr'>qui</span> <span class='ocrx_word' id='word_1_68' title='bbox 1228 727 1404 788; x_wconf 84' lang='lat' dir='ltr'>effecit,</span> <span class='ocrx_word' id='word_1_69' title='bbox 1447 744 1512 777; x_wconf 92' lang='lat' dir='ltr'>ne</span> <span class='ocrx_word' id='word_1_70' title='bbox 1552 743 1766 791; x_wconf 89' lang='lat' dir='ltr'>quorum</span> 
     </span>
     <span class='ocr_line' id='line_1_26' title="bbox 26 807 1767 874; baseline -0.005 -9"><span class='ocrx_word' id='word_1_71' title='bbox 26 821 36 871; x_wconf 71' lang='grc' dir='ltr'>ζ</span> <span class='ocrx_word' id='word_1_72' title='bbox 92 830 230 865; x_wconf 85' lang='lat' dir='ltr'>arma</span> <span class='ocrx_word' id='word_1_73' title='bbox 267 813 559 873; x_wconf 79' lang='lat' dir='ltr'>uiceramuS,</span> <span class='ocrx_word' id='word_1_74' title='bbox 598 828 772 861; x_wconf 90' lang='lat' dir='ltr'>eorum</span> <span class='ocrx_word' id='word_1_75' title='bbox 808 809 1009 874; x_wconf 90' lang='lat' dir='ltr'>ingenio</span> <span class='ocrx_word' id='word_1_76' title='bbox 1048 809 1373 870; x_wconf 88' lang='lat' dir='ltr'>uinceremur‚</span> <span class='ocrx_word' id='word_1_77' title='bbox 1414 810 1590 859; x_wconf 91' lang='lat' dir='ltr'>consul</span> <span class='ocrx_word' id='word_1_78' title='bbox 1630 807 1767 872; x_wconf 86' lang='lat' dir='ltr'>Sergi</span> 
     </span>
     <span class='ocr_line' id='line_1_27' title="bbox 28 889 1766 958; baseline -0.005 -10"><span class='ocrx_word' id='word_1_79' title='bbox 28 900 34 915; x_wconf 73' lang='lat'><em>¹</em></span> <span class='ocrx_word' id='word_1_80' title='bbox 94 895 338 948; x_wconf 79' lang='lat' dir='ltr'>Catilinae</span> <span class='ocrx_word' id='word_1_81' title='bbox 362 893 661 958; x_wconf 87' lang='lat' dir='ltr'>Lentulique</span> <span class='ocrx_word' id='word_1_82' title='bbox 684 902 734 943; x_wconf 88' lang='lat' dir='ltr'>et</span> <span class='ocrx_word' id='word_1_83' title='bbox 758 891 967 956; x_wconf 82' lang='lat' dir='ltr'>Cethegi</span> <span class='ocrx_word' id='word_1_84' title='bbox 990 901 1040 942; x_wconf 92' lang='lat' dir='ltr'>et</span> <span class='ocrx_word' id='word_1_85' title='bbox 1066 891 1276 941; x_wconf 90' lang='lat' dir='ltr'>aliorum</span> <span class='ocrx_word' id='word_1_86' title='bbox 1299 891 1556 956; x_wconf 87' lang='lat' dir='ltr'>utriusque</span> <span class='ocrx_word' id='word_1_87' title='bbox 1579 889 1766 940; x_wconf 92' lang='lat' dir='ltr'>ordinis</span> 
     </span>
     <span class='ocr_line' id='line_1_28' title="bbox 93 970 1763 1038; baseline -0.004 -11"><span class='ocrx_word' id='word_1_88' title='bbox 93 976 311 1027; x_wconf 88' lang='lat' dir='ltr'>uirorum</span> <span class='ocrx_word' id='word_1_89' title='bbox 342 974 737 1026; x_wconf 90' lang='lat' dir='ltr'>coniurationem</span> <span class='ocrx_word' id='word_1_90' title='bbox 765 972 999 1038; x_wconf 88' lang='lat' dir='ltr'>singulari</span> <span class='ocrx_word' id='word_1_91' title='bbox 1026 972 1221 1034; x_wconf 90' lang='lat' dir='ltr'>uirtute,</span> <span class='ocrx_word' id='word_1_92' title='bbox 1255 971 1548 1033; x_wconf 87' lang='lat' dir='ltr'>constantia,</span> <span class='ocrx_word' id='word_1_93' title='bbox 1582 970 1763 1036; x_wconf 86' lang='lat' dir='ltr'>uigilia,</span> 
     </span>
    </p>

    <p class='ocr_par' dir='ltr' id='par_1_7' title="bbox 28 1045 1813 1357">
     <span class='ocr_line' id='line_1_29' title="bbox 30 1045 1813 1123; baseline -0.003 -14"><span class='ocrx_word' id='word_1_94' title='bbox 30 1045 34 1059; x_wconf 52' lang='lat'>³</span> <span class='ocrx_word' id='word_1_95' title='bbox 91 1074 309 1123; x_wconf 81' lang='lat' dir='ltr'>emaque</span> <span class='ocrx_word' id='word_1_96' title='bbox 353 1056 558 1121; x_wconf 88' lang='lat' dir='ltr'>aperuit.</span> <span class='ocrx_word' id='word_1_97' title='bbox 653 1054 869 1107; x_wconf 86' lang='lat' dir='ltr'>Catilina</span> <span class='ocrx_word' id='word_1_98' title='bbox 913 1064 1050 1105; x_wconf 91' lang='lat' dir='ltr'>metu</span> <span class='ocrx_word' id='word_1_99' title='bbox 1096 1054 1368 1105; x_wconf 88' lang='lat' dir='ltr'>consularis</span> <span class='ocrx_word' id='word_1_100' title='bbox 1414 1053 1590 1118; x_wconf 90' lang='lat' dir='ltr'>imperi</span> <span class='ocrx_word' id='word_1_101' title='bbox 1642 1053 1766 1103; x_wconf 91' lang='lat' dir='ltr'>urbe</span> <span class='ocrx_word' id='word_1_102' title='bbox 1787 1074 1813 1114; x_wconf 90' lang='lat'>4</span> 
     </span>
     <span class='ocr_line' id='line_1_30' title="bbox 90 1136 1768 1207; baseline -0.004 -16"><span class='ocrx_word' id='word_1_103' title='bbox 90 1142 263 1207; x_wconf 83' lang='lat' dir='ltr'>pulsus</span> <span class='ocrx_word' id='word_1_104' title='bbox 302 1149 409 1202; x_wconf 88' lang='lat' dir='ltr'>est;</span> <span class='ocrx_word' id='word_1_105' title='bbox 460 1140 702 1188; x_wconf 87' lang='lat' dir='ltr'>Lentulus</span> <span class='ocrx_word' id='word_1_106' title='bbox 741 1137 1013 1187; x_wconf 88' lang='lat' dir='ltr'>consularis</span> <span class='ocrx_word' id='word_1_107' title='bbox 1049 1146 1099 1186; x_wconf 90' lang='lat' dir='ltr'>et</span> <span class='ocrx_word' id='word_1_108' title='bbox 1138 1146 1334 1201; x_wconf 91' lang='lat' dir='ltr'>praetor</span> <span class='ocrx_word' id='word_1_109' title='bbox 1372 1136 1550 1186; x_wconf 91' lang='lat' dir='ltr'>iterum</span> <span class='ocrx_word' id='word_1_110' title='bbox 1589 1137 1768 1187; x_wconf 89' lang='lat' dir='ltr'>Cethe-</span> 
     </span>
     <span class='ocr_line' id='line_1_31' title="bbox 28 1218 1766 1291; baseline -0.002 -19"><span class='ocrx_word' id='word_1_111' title='bbox 28 1287 31 1291; x_wconf 28' lang='lat'>·</span> <span class='ocrx_word' id='word_1_112' title='bbox 90 1238 283 1288; x_wconf 79' lang='lat' dir='ltr'>gusque</span> <span class='ocrx_word' id='word_1_113' title='bbox 313 1231 363 1272; x_wconf 90' lang='lat' dir='ltr'>et</span> <span class='ocrx_word' id='word_1_114' title='bbox 393 1220 476 1271; x_wconf 87' lang='lat' dir='ltr'>alii</span> <span class='ocrx_word' id='word_1_115' title='bbox 499 1219 618 1270; x_wconf 89' lang='lat' dir='ltr'>clari</span> <span class='ocrx_word' id='word_1_116' title='bbox 648 1219 867 1270; x_wconf 89' lang='lat' dir='ltr'>nominis</span> <span class='ocrx_word' id='word_1_117' title='bbox 898 1218 990 1269; x_wconf 82' lang='lat' dir='ltr'>uin‘</span> <span class='ocrx_word' id='word_1_118' title='bbox 1025 1229 1228 1269; x_wconf 89' lang='lat' dir='ltr'>auctore</span> <span class='ocrx_word' id='word_1_119' title='bbox 1255 1228 1446 1280; x_wconf 91' lang='lat' dir='ltr'>senatu,</span> <span class='ocrx_word' id='word_1_120' title='bbox 1476 1218 1613 1269; x_wconf 91' lang='lat' dir='ltr'>iussu</span> <span class='ocrx_word' id='word_1_121' title='bbox 1650 1235 1766 1269; x_wconf 91' lang='lat' dir='ltr'>con-</span> 
     </span>
     <span class='ocr_line' id='line_1_32' title="bbox 91 1303 845 1357; baseline -0.005 0"><span class='ocrx_word' id='word_1_122' title='bbox 91 1305 212 1357; x_wconf 86' lang='lat' dir='ltr'>sulis</span> <span class='ocrx_word' id='word_1_123' title='bbox 234 1305 287 1355; x_wconf 89' lang='lat' dir='ltr'>in</span> <span class='ocrx_word' id='word_1_124' title='bbox 311 1321 506 1355; x_wconf 75' lang='lat' dir='ltr'>carcere</span> <span class='ocrx_word' id='word_1_125' title='bbox 529 1303 693 1354; x_wconf 89' lang='lat' dir='ltr'>necati</span> <span class='ocrx_word' id='word_1_126' title='bbox 716 1313 845 1354; x_wconf 91' lang='lat' dir='ltr'>sunt.</span> 
     </span>
    </p>

    <p class='ocr_par' dir='ltr' id='par_1_8' title="bbox 37 1381 1853 2265">
     <span class='ocr_line' id='line_1_33' title="bbox 161 1381 1853 1449; baseline -0.003 -13"><span class='ocrx_word' id='word_1_127' title='bbox 161 1388 255 1437; x_wconf 88' lang='lat' dir='ltr'>Ille</span> <span class='ocrx_word' id='word_1_128' title='bbox 277 1396 478 1436; x_wconf 90' lang='lat' dir='ltr'>senatus</span> <span class='ocrx_word' id='word_1_129' title='bbox 501 1385 623 1446; x_wconf 60' lang='lat' dir='ltr'>dies,</span> <span class='ocrx_word' id='word_1_130' title='bbox 644 1401 747 1449; x_wconf 91' lang='lat' dir='ltr'>quo</span> <span class='ocrx_word' id='word_1_131' title='bbox 770 1386 895 1435; x_wconf 88' lang='lat' dir='ltr'>haec</span> <span class='ocrx_word' id='word_1_132' title='bbox 917 1394 1030 1434; x_wconf 89' lang='lat' dir='ltr'>acta</span> <span class='ocrx_word' id='word_1_133' title='bbox 1051 1392 1182 1444; x_wconf 90' lang='lat' dir='ltr'>sunt,</span> <span class='ocrx_word' id='word_1_134' title='bbox 1202 1382 1436 1432; x_wconf 90' lang='lat' dir='ltr'>uirtutem</span> <span class='ocrx_word' id='word_1_135' title='bbox 1462 1384 1534 1432; x_wconf 94' lang='lat' dir='ltr'>M.</span> <span class='ocrx_word' id='word_1_136' title='bbox 1558 1381 1764 1433; x_wconf 89' lang='lat' dir='ltr'>Catonis</span> <span class='ocrx_word' id='word_1_137' title='bbox 1787 1395 1853 1444; x_wconf 85' lang='lat'>35</span> 
     </span>
     <span class='ocr_line' id='line_1_34' title="bbox 91 1462 1765 1530; baseline -0.004 -11"><span class='ocrx_word' id='word_1_138' title='bbox 91 1467 192 1520; x_wconf 80' lang='lat' dir='ltr'>iam</span> <span class='ocrx_word' id='word_1_139' title='bbox 233 1467 402 1518; x_wconf 91' lang='lat' dir='ltr'>multis</span> <span class='ocrx_word' id='word_1_140' title='bbox 447 1467 499 1517; x_wconf 92' lang='lat' dir='ltr'>in</span> <span class='ocrx_word' id='word_1_141' title='bbox 544 1467 694 1517; x_wconf 88' lang='lat' dir='ltr'>rebus</span> <span class='ocrx_word' id='word_1_142' title='bbox 740 1465 1063 1530; x_wconf 89' lang='lat' dir='ltr'>conspicuam</span> <span class='ocrx_word' id='word_1_143' title='bbox 1109 1473 1260 1528; x_wconf 90' lang='lat' dir='ltr'>atque</span> <span class='ocrx_word' id='word_1_144' title='bbox 1305 1462 1666 1527; x_wconf 90' lang='lat' dir='ltr'>praenitentem</span> <span class='ocrx_word' id='word_1_145' title='bbox 1713 1463 1765 1513; x_wconf 93' lang='lat' dir='ltr'>in</span> 
     </span>
     <span class='ocr_line' id='line_1_35' title="bbox 92 1546 1810 1611; baseline -0.003 -10"><span class='ocrx_word' id='word_1_146' title='bbox 92 1549 335 1601; x_wconf 74' lang='lat' dir='ltr'>altissimo</span> <span class='ocrx_word' id='word_1_147' title='bbox 369 1548 588 1599; x_wconf 89' lang='lat' dir='ltr'>culmine</span> <span class='ocrx_word' id='word_1_148' title='bbox 618 1548 815 1599; x_wconf 89' lang='lat' dir='ltr'>locauit.</span> <span class='ocrx_word' id='word_1_149' title='bbox 887 1547 971 1597; x_wconf 90' lang='lat' dir='ltr'>hic</span> <span class='ocrx_word' id='word_1_150' title='bbox 1001 1546 1196 1611; x_wconf 89' lang='lat' dir='ltr'>genitus</span> <span class='ocrx_word' id='word_1_151' title='bbox 1228 1562 1418 1610; x_wconf 92' lang='lat' dir='ltr'>proauo</span> <span class='ocrx_word' id='word_1_152' title='bbox 1452 1548 1524 1595; x_wconf 92' lang='lat' dir='ltr'>M.</span> <span class='ocrx_word' id='word_1_153' title='bbox 1553 1547 1762 1607; x_wconf 90' lang='lat' dir='ltr'>Catone,</span> <span class='ocrx_word' id='word_1_154' title='bbox 1789 1571 1810 1600; x_wconf 81' lang='lat'>2</span> 
     </span>
     <span class='ocr_line' id='line_1_36' title="bbox 92 1626 1766 1697; baseline -0.003 -16"><span class='ocrx_word' id='word_1_155' title='bbox 92 1630 316 1697; x_wconf 84' lang='lat' dir='ltr'>principe</span> <span class='ocrx_word' id='word_1_156' title='bbox 351 1630 438 1681; x_wconf 91' lang='lat' dir='ltr'>illo</span> <span class='ocrx_word' id='word_1_157' title='bbox 477 1629 693 1680; x_wconf 82' lang='lat' dir='ltr'>familiae</span> <span class='ocrx_word' id='word_1_158' title='bbox 728 1628 948 1690; x_wconf 88' lang='lat' dir='ltr'>Porciae,</span> <span class='ocrx_word' id='word_1_159' title='bbox 985 1630 1140 1678; x_wconf 90' lang='lat' dir='ltr'>homo</span> <span class='ocrx_word' id='word_1_160' title='bbox 1171 1626 1355 1677; x_wconf 89' lang='lat' dir='ltr'>Virtuti</span> <span class='ocrx_word' id='word_1_161' title='bbox 1395 1626 1674 1677; x_wconf 89' lang='lat' dir='ltr'>simillimus</span> <span class='ocrx_word' id='word_1_162' title='bbox 1716 1636 1766 1677; x_wconf 89' lang='lat' dir='ltr'>et</span> 
     </span>
     <span class='ocr_line' id='line_1_37' title="bbox 90 1707 1765 1778; baseline -0.003 -16"><span class='ocrx_word' id='word_1_163' title='bbox 90 1728 180 1778; x_wconf 87' lang='lat' dir='ltr'>per</span> <span class='ocrx_word' id='word_1_164' title='bbox 209 1711 380 1763; x_wconf 90' lang='lat' dir='ltr'>omnia</span> <span class='ocrx_word' id='word_1_165' title='bbox 409 1710 611 1776; x_wconf 89' lang='lat' dir='ltr'>ingenio</span> <span class='ocrx_word' id='word_1_166' title='bbox 642 1710 737 1761; x_wconf 91' lang='lat' dir='ltr'>diis</span> <span class='ocrx_word' id='word_1_167' title='bbox 761 1727 913 1775; x_wconf 89' lang='lat' dir='ltr'>quam</span> <span class='ocrx_word' id='word_1_168' title='bbox 944 1708 1233 1759; x_wconf 90' lang='lat' dir='ltr'>hominibus</span> <span class='ocrx_word' id='word_1_169' title='bbox 1264 1707 1479 1772; x_wconf 88' lang='lat' dir='ltr'>propior,</span> <span class='ocrx_word' id='word_1_170' title='bbox 1506 1707 1593 1773; x_wconf 92' lang='lat' dir='ltr'>qui</span> <span class='ocrx_word' id='word_1_171' title='bbox 1625 1726 1765 1758; x_wconf 89' lang='lat' dir='ltr'>num-</span> 
     </span>
     <span class='ocr_line' id='line_1_38' title="bbox 90 1790 1765 1860; baseline -0.002 -16"><span class='ocrx_word' id='word_1_172' title='bbox 90 1810 243 1860; x_wconf 85' lang='lat' dir='ltr'>quam</span> <span class='ocrx_word' id='word_1_173' title='bbox 273 1803 407 1844; x_wconf 88' lang='lat' dir='ltr'>recte</span> <span class='ocrx_word' id='word_1_174' title='bbox 437 1793 568 1854; x_wconf 86' lang='lat' dir='ltr'>fecit,</span> <span class='ocrx_word' id='word_1_175' title='bbox 594 1802 649 1843; x_wconf 92' lang='lat' dir='ltr'>ut</span> <span class='ocrx_word' id='word_1_176' title='bbox 679 1794 842 1843; x_wconf 88' lang='lat' dir='ltr'>facere</span> <span class='ocrx_word' id='word_1_177' title='bbox 872 1791 1137 1852; x_wconf 90' lang='lat' dir='ltr'>uideretur,</span> <span class='ocrx_word' id='word_1_178' title='bbox 1167 1792 1258 1841; x_wconf 91' lang='lat' dir='ltr'>sed</span> <span class='ocrx_word' id='word_1_179' title='bbox 1281 1790 1400 1855; x_wconf 88' lang='lat' dir='ltr'>quia</span> <span class='ocrx_word' id='word_1_180' title='bbox 1432 1790 1573 1840; x_wconf 91' lang='lat' dir='ltr'>aliter</span> <span class='ocrx_word' id='word_1_181' title='bbox 1603 1793 1765 1841; x_wconf 87' lang='lat' dir='ltr'>facere</span> 
     </span>
     <span class='ocr_line' id='line_1_39' title="bbox 91 1871 1761 1939; baseline -0.002 -13"><span class='ocrx_word' id='word_1_182' title='bbox 91 1890 195 1926; x_wconf 88' lang='lat' dir='ltr'>non</span> <span class='ocrx_word' id='word_1_183' title='bbox 217 1884 460 1939; x_wconf 88' lang='lat' dir='ltr'>potuerat,</span> <span class='ocrx_word' id='word_1_184' title='bbox 485 1873 669 1938; x_wconf 91' lang='lat' dir='ltr'>cuique</span> <span class='ocrx_word' id='word_1_185' title='bbox 699 1873 753 1924; x_wconf 92' lang='lat' dir='ltr'>id</span> <span class='ocrx_word' id='word_1_186' title='bbox 790 1875 953 1923; x_wconf 89' lang='lat' dir='ltr'>solum</span> <span class='ocrx_word' id='word_1_187' title='bbox 984 1872 1150 1923; x_wconf 91' lang='lat' dir='ltr'>uisum</span> <span class='ocrx_word' id='word_1_188' title='bbox 1182 1881 1256 1922; x_wconf 89' lang='lat' dir='ltr'>est</span> <span class='ocrx_word' id='word_1_189' title='bbox 1288 1871 1531 1922; x_wconf 89' lang='lat' dir='ltr'>rationem</span> <span class='ocrx_word' id='word_1_190' title='bbox 1563 1873 1761 1935; x_wconf 89' lang='lat' dir='ltr'>habere,</span> 
     </span>
     <span class='ocr_line' id='line_1_40' title="bbox 89 1954 1765 2023; baseline -0.001 -15"><span class='ocrx_word' id='word_1_191' title='bbox 89 1958 230 2023; x_wconf 89' lang='lat' dir='ltr'>quod</span> <span class='ocrx_word' id='word_1_192' title='bbox 275 1957 480 2007; x_wconf 87' lang='lat' dir='ltr'>haberet</span> <span class='ocrx_word' id='word_1_193' title='bbox 531 1956 760 2017; x_wconf 89' lang='lat' dir='ltr'>iustitiae,</span> <span class='ocrx_word' id='word_1_194' title='bbox 809 1955 1043 2006; x_wconf 92' lang='lat' dir='ltr'>omnibus</span> <span class='ocrx_word' id='word_1_195' title='bbox 1089 1954 1321 2005; x_wconf 87' lang='lat' dir='ltr'>humanis</span> <span class='ocrx_word' id='word_1_196' title='bbox 1367 1954 1500 2005; x_wconf 90' lang='lat' dir='ltr'>uitiis</span> <span class='ocrx_word' id='word_1_197' title='bbox 1545 1954 1765 2006; x_wconf 91' lang='lat' dir='ltr'>inmunis</span> 
     </span>
     <span class='ocr_line' id='line_1_41' title="bbox 37 2035 1809 2103; baseline 0.001 -17"><span class='ocrx_word' id='word_1_198' title='bbox 37 2047 42 2086; x_wconf 69' lang='lat'>&#39;-</span> <span class='ocrx_word' id='word_1_199' title='bbox 89 2053 287 2103; x_wconf 73' lang='lat' dir='ltr'>semper</span> <span class='ocrx_word' id='word_1_200' title='bbox 330 2040 578 2089; x_wconf 83' lang='lat' dir='ltr'>fortunam</span> <span class='ocrx_word' id='word_1_201' title='bbox 625 2037 678 2087; x_wconf 92' lang='lat' dir='ltr'>in</span> <span class='ocrx_word' id='word_1_202' title='bbox 724 2053 815 2087; x_wconf 91' lang='lat' dir='ltr'>sua</span> <span class='ocrx_word' id='word_1_203' title='bbox 858 2046 1104 2101; x_wconf 90' lang='lat' dir='ltr'>potestate</span> <span class='ocrx_word' id='word_1_204' title='bbox 1149 2035 1336 2086; x_wconf 90' lang='lat' dir='ltr'>habuit.</span> <span class='ocrx_word' id='word_1_205' title='bbox 1409 2035 1491 2086; x_wconf 90' lang='lat' dir='ltr'>hic</span> <span class='ocrx_word' id='word_1_206' title='bbox 1537 2036 1765 2087; x_wconf 89' lang='lat' dir='ltr'>tribunus</span> <span class='ocrx_word' id='word_1_207' title='bbox 1786 2062 1809 2102; x_wconf 84' lang='lat'><strong>3</strong></span> 
     </span>
     <span class='ocr_line' id='line_1_42' title="bbox 90 2118 1765 2187; baseline -0.002 -16"><span class='ocrx_word' id='word_1_208' title='bbox 90 2121 156 2187; x_wconf 89' lang='lat' dir='ltr'>pl.</span> <span class='ocrx_word' id='word_1_209' title='bbox 204 2119 491 2184; x_wconf 68' lang='lat' dir='ltr'>designatus</span> <span class='ocrx_word' id='word_1_210' title='bbox 536 2128 587 2169; x_wconf 90' lang='lat' dir='ltr'>et</span> <span class='ocrx_word' id='word_1_211' title='bbox 631 2120 799 2169; x_wconf 90' lang='lat' dir='ltr'>adhuc</span> <span class='ocrx_word' id='word_1_212' title='bbox 842 2119 1119 2168; x_wconf 86' lang='lat' dir='ltr'>admodum</span> <span class='ocrx_word' id='word_1_213' title='bbox 1166 2118 1475 2178; x_wconf 80' lang='lat' dir='ltr'>adulescenS,</span> <span class='ocrx_word' id='word_1_214' title='bbox 1518 2134 1635 2167; x_wconf 89' lang='lat' dir='ltr'>cum</span> <span class='ocrx_word' id='word_1_215' title='bbox 1682 2118 1765 2168; x_wconf 91' lang='lat' dir='ltr'>alii</span> 
     </span>
     <span class='ocr_line' id='line_1_43' title="bbox 90 2197 1762 2265; baseline -0.002 -13"><span class='ocrx_word' id='word_1_216' title='bbox 90 2202 369 2263; x_wconf 73' lang='lat' dir='ltr'>maderent,</span> <span class='ocrx_word' id='word_1_217' title='bbox 395 2210 451 2251; x_wconf 88' lang='lat' dir='ltr'>ut</span> <span class='ocrx_word' id='word_1_218' title='bbox 481 2217 569 2265; x_wconf 89' lang='lat' dir='ltr'>per</span> <span class='ocrx_word' id='word_1_219' title='bbox 600 2198 872 2264; x_wconf 85' lang='lat' dir='ltr'>municipia</span> <span class='ocrx_word' id='word_1_220' title='bbox 904 2200 1146 2249; x_wconf 89' lang='lat' dir='ltr'>Lentulus</span> <span class='ocrx_word' id='word_1_221' title='bbox 1178 2197 1521 2263; x_wconf 90' lang='lat' dir='ltr'>coniuratique</span> <span class='ocrx_word' id='word_1_222' title='bbox 1550 2199 1762 2250; x_wconf 91' lang='lat' dir='ltr'>custodi-</span> 
     </span>
    </p>
   </div>
   <div class='ocr_carea' id='block_1_4' title="bbox 84 2356 1771 2910">
    <p class='ocr_par' dir='ltr' id='par_1_9' title="bbox 86 2356 1771 2737">
     <span class='ocr_line' id='line_1_44' title="bbox 144 2356 1771 2419; baseline -0.002 -11"><span class='ocrx_word' id='word_1_223' title='bbox 144 2379 173 2408; x_wconf 83' lang='grc'><strong>9</strong></span> <span class='ocrx_word' id='word_1_224' title='bbox 199 2371 303 2419; x_wconf 68' lang='lat' dir='ltr'>aput</span> <span class='ocrx_word' id='word_1_225' title='bbox 320 2379 363 2408; x_wconf 91' lang='grc' dir='ltr'><em>ο.</em></span> <span class='ocrx_word' id='word_1_226' title='bbox 381 2377 584 2418; x_wconf 74' lang='lat' dir='ltr'>querique</span> <span class='ocrx_word' id='word_1_227' title='bbox 602 2363 646 2403; x_wconf 99' lang='lat' dir='ltr'><em>A</em></span> <span class='ocrx_word' id='word_1_228' title='bbox 776 2375 803 2415; x_wconf 85' lang='lat'>5</span> <span class='ocrx_word' id='word_1_229' title='bbox 830 2369 880 2405; x_wconf 66' lang='lat' dir='ltr'>ut</span> <span class='ocrx_word' id='word_1_230' title='bbox 899 2376 954 2404; x_wconf 88' lang='lat' dir='ltr'>ne</span> <span class='ocrx_word' id='word_1_231' title='bbox 972 2362 1016 2402; x_wconf 92' lang='lat' dir='ltr'><em>A</em></span> <span class='ocrx_word' id='word_1_232' title='bbox 1038 2360 1128 2415; x_wconf 66' lang='lat' dir='ltr'>(sic)</span> <span class='ocrx_word' id='word_1_233' title='bbox 1267 2364 1296 2402; x_wconf 86' lang='lat'><strong>6</strong></span> <span class='ocrx_word' id='word_1_234' title='bbox 1323 2356 1450 2405; x_wconf 69' lang='lat' dir='ltr'><strong>CU‘S.</strong></span> <span class='ocrx_word' id='word_1_235' title='bbox 1473 2363 1548 2405; x_wconf 89' lang='lat' dir='ltr'>A:</span> <span class='ocrx_word' id='word_1_236' title='bbox 1577 2363 1704 2404; x_wconf 89' lang='lat' dir='ltr'>COS.</span> <span class='ocrx_word' id='word_1_237' title='bbox 1727 2363 1771 2404; x_wconf 92' lang='grc' dir='ltr'><em>Ρ</em></span> 
     </span>
     <span class='ocr_line' id='line_1_45' title="bbox 92 2417 1764 2475; baseline -0.002 -12"><span class='ocrx_word' id='word_1_238' title='bbox 92 2433 119 2475; x_wconf 76' lang='grc'><strong>7</strong></span> <span class='ocrx_word' id='word_1_239' title='bbox 145 2421 371 2473; x_wconf 76' lang='lat' dir='ltr'>utriusque</span> <span class='ocrx_word' id='word_1_240' title='bbox 390 2419 458 2461; x_wconf 98' lang='grc' dir='ltr'><em>Ρ·</em></span> <span class='ocrx_word' id='word_1_241' title='bbox 485 2420 625 2460; x_wconf 84' lang='lat' dir='ltr'>utrius</span> <span class='ocrx_word' id='word_1_242' title='bbox 644 2417 728 2459; x_wconf 88' lang='lat' dir='ltr'>BA</span> <span class='ocrx_word' id='word_1_243' title='bbox 864 2431 893 2469; x_wconf 90' lang='lat'>9</span> <span class='ocrx_word' id='word_1_244' title='bbox 919 2418 1088 2470; x_wconf 79' lang='lat' dir='ltr'>aperuit</span> <span class='ocrx_word' id='word_1_245' title='bbox 1109 2417 1323 2459; x_wconf 83' lang='lat' dir='ltr'>Gelemus:</span> <span class='ocrx_word' id='word_1_246' title='bbox 1353 2419 1511 2470; x_wconf 89' lang='lat' dir='ltr'>eripuit</span> <span class='ocrx_word' id='word_1_247' title='bbox 1530 2418 1626 2468; x_wconf 86' lang='grc' dir='ltr'>ΑΡ,</span> <span class='ocrx_word' id='word_1_248' title='bbox 1653 2419 1764 2459; x_wconf 82' lang='lat' dir='ltr'>eruit</span> 
     </span>
     <span class='ocr_line' id='line_1_46' title="bbox 307 2472 1764 2516; baseline -0.002 0.052"><span class='ocrx_word' id='word_1_249' title='bbox 307 2478 379 2516; x_wconf 71' lang='lat' dir='ltr'>‘ut</span> <span class='ocrx_word' id='word_1_250' title='bbox 404 2479 463 2515; x_wconf 73' lang='lat' dir='ltr'>est</span> <span class='ocrx_word' id='word_1_251' title='bbox 488 2475 534 2515; x_wconf 72' lang='lat' dir='ltr'>in</span> <span class='ocrx_word' id='word_1_252' title='bbox 561 2474 678 2514; x_wconf 70' lang='lat' dir='ltr'>Li’us&#39;e</span> <span class='ocrx_word' id='word_1_253' title='bbox 701 2472 791 2516; x_wconf 83' lang='lat' dir='ltr'>Per.</span> <span class='ocrx_word' id='word_1_254' title='bbox 828 2485 930 2515; x_wconf 83' lang='lat'>102:</span> <span class='ocrx_word' id='word_1_255' title='bbox 969 2486 1021 2513; x_wconf 83' lang='lat' dir='ltr'>ea</span> <span class='ocrx_word' id='word_1_256' title='bbox 1046 2472 1286 2513; x_wconf 82' lang='lat' dir='ltr'>coniuratio</span> <span class='ocrx_word' id='word_1_257' title='bbox 1315 2473 1525 2513; x_wconf 85' lang='lat' dir='ltr'>industria</span> <span class='ocrx_word' id='word_1_258' title='bbox 1556 2473 1615 2514; x_wconf 91' lang='lat' dir='ltr'>M.</span> <span class='ocrx_word' id='word_1_259' title='bbox 1638 2473 1764 2514; x_wconf 89' lang='lat' dir='ltr'>Tullii</span> 
     </span>
     <span class='ocr_line' id='line_1_47' title="bbox 209 2488 1763 2579; baseline -0.002 -7.925"><span class='ocrx_word' id='word_1_260' title='bbox 209 2488 314 2571; x_wconf 52' lang='lat' dir='ltr'>”riis</span> <span class='ocrx_word' id='word_1_261' title='bbox 332 2536 455 2571; x_wconf 72' lang='lat' dir='ltr'>eruta</span> <span class='ocrx_word' id='word_1_262' title='bbox 480 2529 571 2570; x_wconf 76' lang='lat' dir='ltr'>est&#39;</span> <span class='ocrx_word' id='word_1_263' title='bbox 590 2528 729 2569; x_wconf 84' lang='lat' dir='ltr'>Halm</span> <span class='ocrx_word' id='word_1_264' title='bbox 838 2527 1073 2569; x_wconf 71' lang='lat' dir='ltr'>consularis</span> <span class='ocrx_word' id='word_1_265' title='bbox 1100 2527 1215 2568; x_wconf 84' lang='lat' dir='ltr'>BA:</span> <span class='ocrx_word' id='word_1_266' title='bbox 1245 2540 1327 2569; x_wconf 85' lang='lat' dir='ltr'>om.</span> <span class='ocrx_word' id='word_1_267' title='bbox 1351 2527 1394 2567; x_wconf 91' lang='lat' dir='ltr'><em>P</em></span> <span class='ocrx_word' id='word_1_268' title='bbox 1500 2529 1668 2579; x_wconf 87' lang='lat' dir='ltr'>imperii</span> <span class='ocrx_word' id='word_1_269' title='bbox 1687 2527 1763 2569; x_wconf 90' lang='lat' dir='ltr'>A·</span> 
     </span>
     <span class='ocr_line' id='line_1_48' title="bbox 89 2581 1759 2639; baseline -0.004 -11"><span class='ocrx_word' id='word_1_270' title='bbox 89 2585 240 2639; x_wconf 76' lang='lat' dir='ltr'>imperi</span> <span class='ocrx_word' id='word_1_271' title='bbox 268 2584 351 2625; x_wconf 87' lang='grc' dir='ltr'>ΡΒ</span> <span class='ocrx_word' id='word_1_272' title='bbox 544 2597 590 2624; x_wconf 86' lang='lat'>11</span> <span class='ocrx_word' id='word_1_273' title='bbox 623 2581 785 2624; x_wconf 79' lang='lat' dir='ltr'>cosulis</span> <span class='ocrx_word' id='word_1_274' title='bbox 811 2582 854 2622; x_wconf 90' lang='lat' dir='ltr'><em>A</em></span> <span class='ocrx_word' id='word_1_275' title='bbox 1056 2594 1104 2633; x_wconf 81' lang='lat'>14</span> <span class='ocrx_word' id='word_1_276' title='bbox 1133 2582 1398 2633; x_wconf 86' lang='lat' dir='ltr'>penitentem</span> <span class='ocrx_word' id='word_1_277' title='bbox 1436 2584 1685 2635; x_wconf 88' lang='lat' dir='ltr'>(praeenit.)</span> <span class='ocrx_word' id='word_1_278' title='bbox 1716 2583 1759 2622; x_wconf 89' lang='lat' dir='ltr'><em>A</em></span> 
     </span>
     <span class='ocr_line' id='line_1_49' title="bbox 92 2635 1763 2693; baseline -0.002 -11"><span class='ocrx_word' id='word_1_279' title='bbox 92 2650 146 2693; x_wconf 74' lang='lat'>15</span> <span class='ocrx_word' id='word_1_280' title='bbox 172 2639 358 2682; x_wconf 81' lang='lat' dir='ltr'>culmine</span> <span class='ocrx_word' id='word_1_281' title='bbox 386 2637 634 2690; x_wconf 69' lang='lat' dir='ltr'>(cic-Haase)</span> <span class='ocrx_word' id='word_1_282' title='bbox 662 2638 821 2678; x_wconf 75' lang='lat' dir='ltr'>locauit</span> <span class='ocrx_word' id='word_1_283' title='bbox 839 2635 1023 2690; x_wconf 71' lang='lat' dir='ltr'>Madm‘g</span> <span class='ocrx_word' id='word_1_284' title='bbox 1035 2651 1046 2678; x_wconf 69' lang='grc' dir='ltr'><strong><em>ε</em></strong></span> <span class='ocrx_word' id='word_1_285' title='bbox 1089 2637 1313 2677; x_wconf 82' lang='lat' dir='ltr'>luminauit</span> <span class='ocrx_word' id='word_1_286' title='bbox 1340 2637 1456 2678; x_wconf 86' lang='lat' dir='ltr'>AP:</span> <span class='ocrx_word' id='word_1_287' title='bbox 1490 2638 1647 2678; x_wconf 88' lang='lat' dir='ltr'>lumine</span> <span class='ocrx_word' id='word_1_288' title='bbox 1676 2637 1763 2678; x_wconf 90' lang='lat' dir='ltr'>col-</span> 
     </span>
     <span class='ocr_line' id='line_1_50' title="bbox 86 2650 1759 2737; baseline -0.003 -1"><span class='ocrx_word' id='word_1_289' title='bbox 86 2694 89 2704; x_wconf 94' lang='lat'>&#39;</span> <span class='ocrx_word' id='word_1_290' title='bbox 147 2718 162 2727; x_wconf 62' lang='grc' dir='ltr'><strong><em>υ</em></strong></span> <span class='ocrx_word' id='word_1_291' title='bbox 187 2695 249 2737; x_wconf 81' lang='lat' dir='ltr'>uit</span> <span class='ocrx_word' id='word_1_292' title='bbox 284 2694 513 2734; x_wconf 75' lang='lat' dir='ltr'>Burmann</span> <span class='ocrx_word' id='word_1_293' title='bbox 770 2693 820 2731; x_wconf 88' lang='lat'>16</span> <span class='ocrx_word' id='word_1_294' title='bbox 845 2692 975 2732; x_wconf 84' lang='lat' dir='ltr'>homo</span> <span class='ocrx_word' id='word_1_295' title='bbox 985 2650 1069 2734; x_wconf 65' lang='lat' dir='ltr'>gp:</span> <span class='ocrx_word' id='word_1_296' title='bbox 1118 2704 1203 2731; x_wconf 90' lang='lat' dir='ltr'>non</span> <span class='ocrx_word' id='word_1_297' title='bbox 1232 2691 1323 2732; x_wconf 89' lang='lat' dir='ltr'>AB</span> <span class='ocrx_word' id='word_1_298' title='bbox 1467 2692 1689 2733; x_wconf 82' lang='lat' dir='ltr'>similimus</span> <span class='ocrx_word' id='word_1_299' title='bbox 1716 2691 1759 2731; x_wconf 93' lang='lat' dir='ltr'><em>A</em></span> 
     </span>
    </p>

    <p class='ocr_par' dir='ltr' id='par_1_10' title="bbox 84 2745 1765 2910">
     <span class='ocr_line' id='line_1_51' title="bbox 113 2745 1765 2801; baseline -0.002 -11"><span class='ocrx_word' id='word_1_300' title='bbox 113 2775 119 2781; x_wconf 81' lang='grc'>-</span> <span class='ocrx_word' id='word_1_301' title='bbox 162 2747 231 2791; x_wconf 86' lang='lat' dir='ltr'>P:</span> <span class='ocrx_word' id='word_1_302' title='bbox 271 2749 350 2790; x_wconf 78' lang='lat' dir='ltr'>sed</span> <span class='ocrx_word' id='word_1_303' title='bbox 378 2747 470 2788; x_wconf 86' lang='lat' dir='ltr'>AB</span> <span class='ocrx_word' id='word_1_304' title='bbox 526 2747 780 2801; x_wconf 73' lang='lat' dir='ltr'>Negatmam</span> <span class='ocrx_word' id='word_1_305' title='bbox 811 2751 909 2800; x_wconf 71' lang='lat' dir='ltr'>post</span> <span class='ocrx_word' id='word_1_306' title='bbox 938 2746 1226 2799; x_wconf 60' lang='lat' dir='ltr'>Knysmjgrum</span> <span class='ocrx_word' id='word_1_307' title='bbox 1263 2750 1302 2786; x_wconf 82' lang='lat' dir='ltr'>e!</span> <span class='ocrx_word' id='word_1_308' title='bbox 1333 2745 1571 2787; x_wconf 72' lang='lat' dir='ltr'>Martinam</span> <span class='ocrx_word' id='word_1_309' title='bbox 1605 2751 1765 2787; x_wconf 77' lang='lat' dir='ltr'>tutatus</span> 
     </span>
     <span class='ocr_line' id='line_1_52' title="bbox 84 2801 1763 2854; baseline -0.002 -9"><span class='ocrx_word' id='word_1_310' title='bbox 84 2824 85 2827; x_wconf 57' lang='lat'><em>=</em></span> <span class='ocrx_word' id='word_1_311' title='bbox 172 2803 357 2846; x_wconf 65' lang='lat' dir='ltr'>Thomas</span> <span class='ocrx_word' id='word_1_312' title='bbox 382 2802 587 2854; x_wconf 67' lang='lat' dir='ltr'>conservus</span> <span class='ocrx_word' id='word_1_313' title='bbox 611 2814 677 2843; x_wconf 91' lang='lat'>22.</span> <span class='ocrx_word' id='word_1_314' title='bbox 700 2814 742 2853; x_wconf 86' lang='lat'>2,</span> <span class='ocrx_word' id='word_1_315' title='bbox 767 2803 855 2843; x_wconf 80' lang='lat'><strong>¹26.</strong></span> <span class='ocrx_word' id='word_1_316' title='bbox 883 2813 932 2842; x_wconf 70' lang='grc' dir='ltr'>ιι</span> <span class='ocrx_word' id='word_1_317' title='bbox 963 2801 1038 2841; x_wconf 69' lang='lat' dir='ltr'>sed</span> <span class='ocrx_word' id='word_1_318' title='bbox 1062 2806 1156 2842; x_wconf 73' lang='lat' dir='ltr'>nete</span> <span class='ocrx_word' id='word_1_319' title='bbox 1177 2806 1432 2854; x_wconf 75' lang='lat' dir='ltr'>perspexerat</span> <span class='ocrx_word' id='word_1_320' title='bbox 1460 2801 1598 2842; x_wconf 79' lang='lat' dir='ltr'>Burer</span> <span class='ocrx_word' id='word_1_321' title='bbox 1622 2802 1679 2842; x_wconf 82' lang='lat' dir='ltr'>ho</span> <span class='ocrx_word' id='word_1_322' title='bbox 1706 2809 1763 2842; x_wconf 81' lang='lat' dir='ltr'>no</span> 
     </span>
     <span class='ocr_line' id='line_1_53' title="bbox 119 2856 1765 2910; baseline -0.001 -11"><span class='ocrx_word' id='word_1_323' title='bbox 119 2881 124 2890; x_wconf 61' lang='grc' dir='ltr'><em>ι</em></span> <span class='ocrx_word' id='word_1_324' title='bbox 243 2880 248 2888; x_wconf 55' lang='grc' dir='ltr'><em>ν</em></span> <span class='ocrx_word' id='word_1_325' title='bbox 280 2871 390 2899; x_wconf 68' lang='lat' dir='ltr'>esee:</span> <span class='ocrx_word' id='word_1_326' title='bbox 416 2857 494 2898; x_wconf 72' lang='lat' dir='ltr'>sed</span> <span class='ocrx_word' id='word_1_327' title='bbox 516 2857 620 2909; x_wconf 76' lang='lat' dir='ltr'>(set)</span> <span class='ocrx_word' id='word_1_328' title='bbox 641 2856 880 2910; x_wconf 69' lang='lat' dir='ltr'>pmoedens</span> <span class='ocrx_word' id='word_1_329' title='bbox 898 2856 1069 2896; x_wconf 73' lang='lat' dir='ltr'>litteras</span> <span class='ocrx_word' id='word_1_330' title='bbox 1081 2856 1366 2909; x_wconf 73' lang='lat' dir='ltr'>pmgenemuit</span> <span class='ocrx_word' id='word_1_331' title='bbox 1516 2869 1567 2908; x_wconf 91' lang='lat'>19</span> <span class='ocrx_word' id='word_1_332' title='bbox 1595 2861 1765 2908; x_wconf 79' lang='lat' dir='ltr'>poterat</span> 
     </span>
    </p>
   </div>
   <div class='ocr_carea' id='block_1_5' title="bbox 0 2726 284 3392">
    <p class='ocr_par' dir='ltr' id='par_1_11' title="bbox 0 2726 284 3392">
     <span class='ocr_line' id='line_1_54' title="bbox 0 2726 280 2937; baseline 0 -57"><span class='ocrx_word' id='word_1_333' title='bbox 0 2811 280 2937; x_wconf 95' lang='lat' dir='ltr'>   </span> <span class='ocrx_word' id='word_1_334' title='bbox 208 2726 250 2775; x_wconf 95' lang='lat' dir='ltr'> </span> 
     </span>
     <span class='ocr_line' id='line_1_55' title="bbox 0 2937 284 3392; baseline 0 -306"><span class='ocrx_word' id='word_1_335' title='bbox 0 2937 284 3392; x_wconf 95' lang='lat' dir='ltr'>    </span> 
     </span>
    </p>
   </div>
   <div class='ocr_carea' id='block_1_6' title="bbox 93 2909 1765 3009">
    <p class='ocr_par' dir='ltr' id='par_1_12' title="bbox 84 2909 1765 3009">
     <span class='ocr_line' id='line_1_56' title="bbox 93 2909 1765 2967; baseline 0 -16"><span class='ocrx_word' id='word_1_336' title='bbox 93 2962 98 2967; x_wconf 90' lang='lat'><strong>.</strong></span> <span class='ocrx_word' id='word_1_337' title='bbox 151 2936 153 2939; x_wconf 36' lang='lat' dir='ltr'>s</span> <span class='ocrx_word' id='word_1_338' title='bbox 212 2939 216 2946; x_wconf 54' lang='grc' dir='ltr'><em>ι</em></span> <span class='ocrx_word' id='word_1_339' title='bbox 508 2925 563 2952; x_wconf 88' lang='grc' dir='ltr'>9ο</span> <span class='ocrx_word' id='word_1_340' title='bbox 591 2912 776 2953; x_wconf 79' lang='lat' dir='ltr'>iustitiae</span> <span class='ocrx_word' id='word_1_341' title='bbox 807 2909 907 2961; x_wconf 85' lang='grc' dir='ltr'>ΑΡ,</span> <span class='ocrx_word' id='word_1_342' title='bbox 947 2923 1000 2952; x_wconf 72' lang='lat' dir='ltr'>sc.</span> <span class='ocrx_word' id='word_1_343' title='bbox 1040 2911 1277 2951; x_wconf 79' lang='lat' dir='ltr'>rationem:</span> <span class='ocrx_word' id='word_1_344' title='bbox 1334 2910 1535 2951; x_wconf 78' lang='lat' dir='ltr'>iustitiam</span> <span class='ocrx_word' id='word_1_345' title='bbox 1577 2911 1765 2953; x_wconf 79' lang='lat' dir='ltr'>Gelemus</span> 
     </span>
     <span class='ocr_line' id='line_1_57' title="bbox 193 2964 1763 3009; baseline -0.001 -1.051"><span class='ocrx_word' id='word_1_346' title='bbox 193 2967 247 3009; x_wconf 70' lang='lat' dir='ltr'>is</span> <span class='ocrx_word' id='word_1_347' title='bbox 277 2966 352 3008; x_wconf 83' lang='lat' dir='ltr'>A.</span> <span class='ocrx_word' id='word_1_348' title='bbox 408 2966 521 3008; x_wconf 82' lang='lat' dir='ltr'>imm.</span> <span class='ocrx_word' id='word_1_349' title='bbox 555 2965 599 3006; x_wconf 90' lang='grc' dir='ltr'><em>Ρ</em></span> <span class='ocrx_word' id='word_1_350' title='bbox 772 2978 822 3007; x_wconf 80' lang='grc' dir='ltr'>9ι</span> <span class='ocrx_word' id='word_1_351' title='bbox 852 2964 1189 3008; x_wconf 79' lang='lat' dir='ltr'><strong>TR.P1..AB:</strong></span> <span class='ocrx_word' id='word_1_352' title='bbox 1218 2965 1333 3007; x_wconf 79' lang='lat' dir='ltr'>Trib.</span> <span class='ocrx_word' id='word_1_353' title='bbox 1356 2965 1536 3007; x_wconf 86' lang='lat' dir='ltr'>Pleb.P</span> <span class='ocrx_word' id='word_1_354' title='bbox 1709 2979 1763 3007; x_wconf 91' lang='grc'>99</span> 
     </span>
    </p>
   </div>
   <div class='ocr_carea' id='block_1_7' title="bbox 108 3019 675 3075">
    <p class='ocr_par' dir='ltr' id='par_1_13' title="bbox 108 3019 675 3075">
     <span class='ocr_line' id='line_1_58' title="bbox 108 3019 675 3075; baseline -0.004 -11"><span class='ocrx_word' id='word_1_355' title='bbox 108 3019 289 3064; x_wconf 69' lang='lat' dir='ltr'>-Vooez</span> <span class='ocrx_word' id='word_1_356' title='bbox 318 3019 675 3075; x_wconf 72' lang='lat' dir='ltr'>ettBA‚om.P</span> 
     </span>
    </p>
   </div>
   <div class='ocr_carea' id='block_1_8' title="bbox 910 3202 964 3246">
    <p class='ocr_par' dir='ltr' id='par_1_14' title="bbox 910 3202 964 3246">
     <span class='ocr_line' id='line_1_59' title="bbox 910 3202 964 3246; baseline -0.056 0"><span class='ocrx_word' id='word_1_357' title='bbox 910 3202 964 3246; x_wconf 79' lang='lat'>53</span> 
     </span>
    </p>
   </div>
  </div>
 </body>
</html>
