2014 3444
0 512 21 727 mwssv
5 468 20 494 ,ν

720 225 1265 276 PROLEGOMENA

222 366 399 429 Itaque
422 381 482 415 ex
513 366 591 415 ed.
619 364 778 415 Princ.
805 382 848 414 a.
882 380 1024 429 1520,
1050 382 1165 414 cum
1190 364 1338 415 uariis
1365 365 1678 427 lectionibus,
1705 383 1829 431 quas

154 457 367 504 Burerus
431 472 491 504 ex
555 454 877 504 Murbacensi
940 454 1162 504 enotauit
1218 454 1514 519 addiditque
1571 465 1827 520 tamquam

151 545 554 607 supplementum
595 542 1027 607 appendicemque
1059 542 1266 592 editioni
1303 542 1534 606 Principi,
1574 544 1829 606 pendebat

149 640 255 680 tota
289 630 426 681 crisis
459 630 705 681 Velleiani
746 630 908 695 operis
949 648 1109 695 usque
1143 632 1209 680 ad
1246 648 1434 680 annum
1477 633 1535 680 18
1541 647 1617 695 34.
1706 633 1826 681 Non

148 736 252 783 quo
285 719 368 769 alii
392 737 494 770 non
528 719 709 769 fuerint
743 719 831 784 qui
868 719 1214 769 Murbacensis
1249 720 1536 783 apographa
1563 719 1829 769 uideantur

147 807 413 870 habuisse3
460 825 673 873 quorum
732 809 860 858 duos
918 808 1140 858 nomino.
1244 807 1383 858 Prior
1440 817 1516 858 est
1569 807 1829 858 Bernardi-

147 914 241 947 nus
290 897 521 958 Rutilius,
558 897 676 947 iuris
723 899 980 947 consultus
1027 899 1337 961 1504—1538.
1412 899 1570 946 Hunc
1618 896 1826 947 Fuluius

147 985 356 1035 Vrsinus
386 984 747 1052 (1529-1600)‚
774 985 825 1034 in
849 987 998 1035 Notis
1031 987 1102 1034 ad
1129 987 1428 1049 Fragmenta
1462 986 1823 1034 IIt‘ston'corum

143 1090 280 1123 anno
309 1089 432 1138 1595
460 1074 620 1134 editis,
646 1090 694 1137 p.
722 1088 836 1138 415,
870 1082 1076 1123 testatus
1112 1083 1186 1123 est
1221 1073 1273 1122 in
1309 1091 1401 1123 suo
1437 1073 1613 1123 codice
1649 1073 1827 1123 substi-

143 1162 297 1212 tuisse
325 1164 533 1212 meribus
562 1180 653 1227 pro
678 1164 955 1211 muneribus
976 1164 1103 1212 Vell.
1131 1162 1178 1211 ii.
1207 1165 1286 1223 48.
1319 1180 1344 1211 2
1358 1163 1585 1226 perfectis
1616 1164 1826 1212 muneri-

142 1252 230 1300 bus
264 1253 455 1301 theatri.
530 1252 670 1301 Hinc
692 1251 903 1301 Vrsinus
927 1251 1214 1301 emendauit
1244 1253 1440 1301 moeniis
1469 1253 1551 1300 uel
1584 1253 1825 1301 moenibus

144 1339 212 1404 (p.
240 1338 375 1405 422).
450 1341 595 1403 Quae
619 1340 904 1390 coniectura
927 1340 1042 1390 licet
1074 1340 1350 1390 necessaria
1374 1357 1477 1389 non
1510 1340 1572 1389 sit
1598 1339 1823 1406 (munera

142 1429 279 1478 enim
313 1431 566 1493 absumpta
602 1430 710 1493 {gni
728 1428 851 1479 dixit
874 1428 1095 1478 Velleius
1119 1428 1166 1477 ii.
1201 1446 1308 1492 130.
1342 1427 1405 1494 1),
1433 1445 1461 1478 e
1496 1446 1617 1478 uero
1653 1438 1822 1479 tamen

141 1519 281 1568 fonte
315 1517 514 1567 uidetur
544 1519 752 1567 ductum
785 1517 908 1567 illud
944 1519 1163 1578 met-ibus,
1198 1519 1404 1567 fortasse
1442 1534 1503 1567 ex
1536 1517 1647 1581 ipso
1687 1520 1825 1567 Mur-

142 1605 358 1656 bacensi.
431 1606 600 1656 Potuit
635 1606 769 1656 enim
801 1606 1106 1656 uocabulum
1141 1606 1241 1655 illic
1277 1606 1348 1656 sic
1383 1606 1621 1670 scriptum
1658 1616 1823 1656 extare

141 1705 196 1744 ut
218 1694 302 1744 alii
326 1696 615 1756 muneribus,
641 1694 724 1744 alii
749 1697 955 1744 meribus
977 1695 1240 1745 uideretur.

209 1784 425 1835 Alterius
442 1785 713 1849 apographi
738 1785 927 1835 mentio
951 1787 1081 1835 facta
1103 1795 1178 1835 est
1195 1803 1226 1835 a
1245 1787 1612 1836 Montfaucono
1638 1785 1824 1836 Biblio-

141 1875 268 1923 thec.
299 1874 722 1924 Bibliotheearum
747 1874 794 1924 ii.
822 1891 869 1938 p.
898 1892 1027 1935 1014
1047 1877 1110 1935 D,
1137 1874 1226 1924 ubi
1250 1874 1377 1924 inter
1401 1874 1554 1925 libros
1580 1874 1825 1926 Colberti-

141 1979 234 2012 nos
257 1962 308 2012 in
336 1963 494 2027 Regia
526 1963 788 2013 Parisiensi
820 1980 1030 2013 numero
1062 1963 1282 2027 signatus
1308 1967 1434 2028 6571
1464 1965 1632 2013 locum
1669 1964 1823 2013 habet

155 2053 354 2101 Velleius
390 2054 680 2103 Paterculus
714 2069 819 2101 cum
856 2054 980 2101 libro
1019 2054 1171 2103 MSS
1204 2051 1317 2119 (sic)
1359 2054 1560 2102 collatus
1599 2070 1631 2101 a
1671 2054 1823 2103 Petro

138 2141 351 2190 Pithoeo.
424 2142 524 2191 Sed
562 2140 644 2190 hic
685 2140 810 2191 liber
847 2140 1043 2191 Pithoei
1084 2158 1185 2191 una
1220 2158 1335 2191 curn
1378 2145 1506 2191 1600
1541 2141 1648 2191 aliis
1685 2159 1821 2192 anno

146 2245 270 2294 1⁷3²
314 2247 374 2280 ex
420 2229 725 2279 bibliotheca
771 2229 1062 2281 Colbertina
1101 2233 1364 2281 translatus
1399 2231 1452 2280 in
1493 2231 1819 2281 Tabularium

141 2318 451 2383 negotiorum
489 2329 766 2369 exterorum
804 2318 996 2385 (Depot
1038 2320 1127 2369 des
1162 2319 1353 2370 affaires
1395 2318 1694 2386 etrangeres)
1731 2337 1820 2385 per

140 2408 308 2458 turbas
359 2408 531 2458 ciuiles
579 2408 762 2458 saeculi
808 2408 923 2458 xviii
970 2409 1193 2459 exeuntis
1240 2409 1443 2473 periisse
1490 2409 1706 2459 creditur
1752 2410 1818 2459 ab

144 2496 318 2558 Hasi0,
366 2514 518 2562 quem
566 2497 844 2547 Seebodius
898 2508 1155 2562 rogauerat
1206 2508 1260 2548 ut
1319 2515 1434 2548 eum
1482 2498 1815 2563 inuestigaret,

140 2585 211 2635 uti
249 2596 455 2636 testatus
492 2596 567 2636 est
609 2586 823 2637 Orellius
864 2586 916 2636 in
964 2588 1040 2637 ed.
1086 2587 1246 2637 Vellei
1290 2587 1536 2651 Lipsiensi
1577 2605 1619 2638 a.
1671 2590 1814 2653 1835,

140 2691 185 2739 p.
213 2674 273 2724 xi.

207 2763 396 2814 Orellio
453 2764 664 2814 debetur
721 2765 858 2828 quod
917 2781 1073 2814 unum
1132 2766 1298 2814 adhuc
1362 2782 1514 2815 manu
1578 2764 1816 2829 scriptum

138 2862 361 2916 superest
385 2852 572 2903 codicis
607 2852 953 2903 Murbacensis
987 2855 1342 2918 apographon3
1378 2853 1614 2918 scriptum
1647 2864 1816 2905 autem

138 2951 212 2990 est
272 2958 407 2992 anno
468 2944 594 3006 1516
640 2958 671 2991 a
718 2940 979 2991 Bonifaeio
1034 2942 1331 2992 Amerbach.
1426 2944 1544 2992 Hoc
1600 2943 1817 2994 Orellius

142 3029 364 3081 Basileae
411 3047 469 3081 ex
512 3029 816 3081 bibliotheca
863 3030 1180 3092 Academica,
1230 3030 1316 3082 ubi
1365 3030 1639 3094 delituerat,
1679 3048 1815 3083 anno

953 3132 998 3160 xl
