2014 3392
737 217 994 264 VELLEI
1034 215 1432 265 PATERCVLI

254 356 479 406 terribilis
517 356 689 405 Italiae
723 372 924 419 quoque
959 354 1209 404 uideretur
1238 353 1509 413 imminere,
1548 362 1678 403 sorte
1713 353 1923 403 obuenit
2009 368 2014 407 ς

204 460 229 496 4
254 439 418 487 Sullae
442 437 561 487 Asia
584 436 851 501 prouincia.
927 434 1007 502 [is]
1035 452 1255 499 egressus
1288 435 1409 484 urbe
1441 451 1556 483 cum
1581 435 1710 483 circa
1735 436 1918 483 Nolam

254 529 523 571 moraretur
571 518 776 584 (quippe
817 535 876 567 ea
915 517 1032 566 urbs
1073 516 1461 579 pertinacissime
1501 533 1637 564 arma
1676 515 1919 564 retinebat
2004 572 2014 588 ε

253 600 566 664 exercituque
593 603 826 649 Romano
850 598 1184 657 obsidebatur,
1205 598 1341 646 uelut
1365 596 1636 660 paeniteret
1661 596 1765 645 eius
1784 596 1915 655 fidei,
2001 594 2014 662 ξ

252 699 403 745 quam
439 681 663 731 omnium
701 679 1060 730 sanctissimam
1096 679 1229 727 bello
1264 678 1568 742 praestiterat
1605 677 1832 742 Punico),
1861 680 1913 726 P.
1943 695 1964 734 5

204 789 225 828 5
251 762 497 826 Sulpicius
528 762 753 811 tribunus
782 762 864 824 pl.‚
891 760 1115 819 disertus,
1142 776 1268 819 acer,
1299 759 1478 822 opibus
1510 758 1663 822 gratia
1690 758 1917 807 amicitiis

250 843 418 907 uigore
450 842 616 906 ingeni
650 852 799 906 atque
834 841 987 890 animi
1023 840 1383 901 celeberrimus,
1424 858 1539 889 cum
1575 850 1721 889 antea
1755 840 1918 889 rectis-

250 925 375 974 sima
410 927 665 974 uoluntate
702 925 837 987 apud
874 923 1115 986 populum
1154 922 1419 970 maximam
1455 922 1726 985 quaesisset
1762 921 1916 985 digni·
1996 951 1998 953 -

248 1015 414 1066 tatem,
442 1005 583 1069 quasi
606 1004 792 1068 pigeret
816 1021 931 1053 eum
956 1003 1193 1052 uirtutum
1218 1020 1415 1052 suarum
1449 1012 1498 1052 et
1527 1003 1656 1052 bene
1688 1004 1915 1052 consulta
1996 1038 1997 1043 ,

201 1099 225 1138 6
248 1087 293 1136 ei
325 1089 454 1135 male
486 1087 732 1146 cederent,
760 1084 924 1135 subito
955 1101 1136 1147 prauus
1169 1093 1218 1133 et
1248 1101 1483 1147 praeceps
1517 1085 1572 1134 C.
1607 1083 1769 1133 Mario
1801 1093 1915 1147 post
1941 1099 1958 1128 1
1984 1089 1988 1095 ‘

249 1183 355 1216 Lxx
392 1184 580 1216 annum
622 1166 790 1216 omnia
829 1164 1035 1228 imperia
1069 1173 1118 1213 et
1159 1164 1320 1213 omnis
1361 1164 1641 1228 prouincias
1683 1164 1916 1228 concupi-

247 1248 404 1298 scenti
443 1248 631 1298 addixit
676 1265 723 1296 se
762 1250 1022 1311 legemque
1062 1247 1128 1295 ad
1167 1248 1410 1309 populum
1451 1246 1575 1306 tulit,
1614 1263 1712 1310 qua
1750 1249 1914 1296 Sullae
1976 1300 1979 1301 ⁷

246 1329 508 1393 imperium
532 1329 860 1393 abrogaretur,
883 1329 939 1379 C.
961 1326 1123 1376 Mario
1148 1327 1334 1376 bellum
1360 1328 1704 1376 decerneretur
1724 1327 1916 1376 Mithri-

247 1410 480 1471 daticum,
529 1410 748 1474 aliasque
800 1412 932 1473 leges
978 1409 1280 1473 perniciosas
1327 1418 1376 1457 et
1422 1408 1693 1458 exitiabiles
1748 1426 1912 1472 neque
1988 1475 1990 1478 v

246 1494 524 1541 tolerandas
572 1491 754 1541 liberae
801 1490 988 1540 ciuitati
1035 1490 1157 1539 tulit.
1231 1489 1352 1554 quin
1399 1489 1549 1538 etiam
1598 1491 1659 1552 Q.
1703 1490 1912 1553 Pompei
1941 1507 1990 1548 15

245 1573 462 1622 consulis
498 1573 654 1622 filium
691 1573 1008 1636 eundemque
1044 1573 1208 1622 Sullae
1239 1588 1475 1635 generum
1512 1587 1599 1634 per
1634 1571 1912 1621 emissarios

243 1654 470 1704 factionis
496 1672 614 1704 suae
637 1653 894 1703 interfecit.

155 1749 216 1796 19
310 1738 443 1784 Tum
480 1737 614 1785 Sulla
654 1745 908 1785 contracto
947 1734 1160 1784 exercitu
1201 1735 1266 1783 ad
1303 1733 1478 1782 urbem
1515 1733 1658 1782 rediit
1700 1751 1910 1797 eamque

241 1816 389 1865 armis
443 1816 721 1880 occupauit,
778 1831 856 1864 ΧΗ
906 1825 1132 1864 auctores
1185 1831 1427 1864 nouarum
1486 1814 1909 1879 pessimarumque

242 1914 417 1958 rerum,
458 1898 584 1947 inter
619 1915 744 1961 quos
783 1897 999 1946 Marium
1041 1913 1156 1946 cum
1194 1895 1297 1945 filio
1335 1905 1383 1945 et
1422 1898 1474 1944 P.
1515 1895 1748 1958 Sulpicio,
1786 1897 1909 1946 urbe
1937 1915 1956 1943 2

242 1979 518 2028 exturbauit
563 1996 622 2028 ac
669 1981 776 2042 lege
822 1981 920 2027 lata
966 1979 1132 2027 exules
1178 1977 1306 2027 fecit.
1394 1976 1663 2040 Sulpicium
1717 1975 1907 2045 [etiam]

239 2060 463 2109 adsecuti
487 2060 677 2124 equites
702 2060 753 2108 in
780 2059 1091 2109 Laurentinis
1122 2058 1388 2122 paludibus
1420 2058 1716 2121 iugulauere‚
1743 2069 1909 2122 caput-

240 2158 338 2204 que
385 2140 489 2190 eius
536 2151 754 2190 erectum
801 2150 850 2190 et
891 2150 1191 2190 ostentatum
1232 2157 1322 2203 pro
1362 2139 1528 2188 rostris
1575 2141 1711 2188 uelut
1758 2157 1907 2190 omen

193 2242 212 2268 2
240 2221 543 2272 imminentis
575 2222 944 2286 proscriptionis
976 2221 1079 2270 fuit.
1155 2220 1343 2270 Marius
1374 2229 1487 2283 post
1516 2229 1707 2269 sextum
1733 2238 1907 2270 consu-

240 2304 393 2351 latum
434 2320 693 2366 annosque
735 2318 841 2350 Lxx
884 2304 1047 2351 nudus
1088 2319 1147 2351 ac
1187 2301 1308 2351 limo
1349 2301 1567 2360 obrutuS‚
1607 2301 1762 2350 oculis
1804 2311 1906 2351 tan·
1931 2325 1978 2353 2·

240 2385 502 2434 tummodo
554 2401 613 2433 ac
662 2384 865 2433 naribus
918 2383 1266 2443 eminentibus,
1316 2392 1557 2432 extractus
1609 2383 1905 2435 arundineto

296 2525 314 2550 1
345 2512 551 2552 imin.A:
580 2514 693 2553 imm.
713 2512 756 2551 P
880 2526 905 2551 2
934 2511 1205 2563 prouintiaA
1321 2511 1443 2551 IsP·
1472 2525 1555 2552 om.
1571 2511 1613 2549 A
1738 2526 1762 2561 4
1793 2514 1904 2566 peni-

240 2573 350 2606 teret
386 2567 461 2607 A.
451 2583 461 2592 ·
507 2581 632 2619 poen.
662 2565 715 2605 P
890 2580 912 2617 7
945 2568 1102 2617 ingenii
1140 2565 1231 2604 ΑΡ
1400 2568 1427 2605 8
1455 2572 1557 2616 aput
1594 2565 1665 2607 A.
1715 2569 1829 2618 apud
1867 2568 1910 2606 P

240 2635 482 2660 maxumam
502 2622 545 2660 A
732 2634 780 2660 12
810 2635 857 2660 se
871 2626 969 2672 post
984 2621 1222 2660 Puteanum
1241 2621 1440 2660 Hemsius
1457 2625 1495 2659 et
1511 2621 1679 2671 Bentley
1690 2627 1789 2673 post
1805 2635 1903 2661 con·

239 2677 489 2726 cupiscenti,
522 2677 659 2716 Halm
686 2680 784 2728 post
812 2689 1033 2726 praecepS‚
1060 2689 1133 2727 ego
1161 2680 1256 2727 post
1287 2674 1449 2714 addixit
1482 2675 1746 2716 addiditmus
1785 2678 1906 2716 dedit

239 2731 404 2770 addixit
440 2731 482 2768 A
528 2733 640 2783 (sich
689 2731 811 2770 Kritz
843 2732 940 2780 imp.
979 2736 1023 2769 et
1055 2744 1092 2771 ο.
1128 2728 1370 2781 prouincias
1405 2734 1623 2779 tamquam
1657 2732 1906 2770 accusatiuos

243 2786 392 2824 rettulzt
423 2785 482 2823 ad
511 2787 672 2825 addixit
837 2785 982 2835 Syllae
1017 2785 1230 2835 inperium
1261 2784 1319 2835 A,
1357 2785 1431 2834 qui
1445 2784 1641 2834 formam
1676 2785 1794 2824 Sulla
1821 2799 1904 2825 non
1972 2799 1974 2804 ·

241 2840 358 2878 habet
386 2840 468 2878 msi
494 2854 556 2892 19.
580 2854 619 2893 2,
651 2853 715 2889 24.
742 2852 775 2887 1,
808 2841 872 2879 28.
897 2854 934 2890 2,
959 2852 1024 2889 41.
1045 2854 1070 2878 2
1264 2851 1312 2888 15
1342 2838 1509 2888 etiamq
1542 2838 1719 2889 Pompei
1748 2840 1823 2880 A.
1864 2855 1901 2879 e.

242 2894 294 2943 Q.
319 2894 511 2944 Pompeii
532 2895 574 2933 P
680 2908 734 2934 20
764 2872 955 2958 Sulpitio,
980 2908 1028 2933 21
1050 2894 1278 2944 Sulpitium
1296 2892 1387 2930 ΑΡ
1497 2906 1544 2933 21
1576 2907 1631 2932 ex
1652 2894 1837 2933 turbauit
1856 2895 1899 2932 A

242 2949 369 2987 etiam
402 2963 422 2987 e
454 2950 728 3001 gemmatione
760 2950 831 2988 litt.
865 2950 1000 2988 —itium
1035 2954 1172 2987 ortum
1195 2948 1403 3000 putabant
1433 2948 1563 2987 Orelli
1585 2953 1622 2986 et
1610 2935 1903 2988 Cornelissen

242 3016 294 3052 23
313 3016 438 3042 omen
451 3004 492 3041 A
511 3004 584 3042 sed
596 3017 709 3042 eraso
722 3004 833 3054 quod
845 3018 954 3043 nunc
964 3005 1044 3055 legi
1055 3017 1137 3043 non
1146 3007 1278 3055 potest
1362 3016 1414 3050 24
1435 3003 1533 3041 inm.
1552 3002 1595 3040 A
1700 3014 1751 3052 25
1772 3017 1902 3043 anno-

238 3070 322 3108 que
343 3071 441 3099 Lxx.
461 3058 573 3098 AP:
603 3071 823 3109 annosque
845 3071 931 3098 Lxx
955 3058 1153 3097 Vrsinus:
1182 3071 1426 3107 annumque
1446 3070 1531 3096 Lxx
1557 3056 1656 3096 Voss

1043 3137 1092 3188 36
