2014 3392
816 262 1035 311 LIBER
1070 261 1126 310 11

148 404 328 455 nostris
362 402 778 466 auxiliaribusque
812 411 863 452 et
897 400 1138 466 equitatui
1172 400 1307 465 regio
1345 400 1552 466 (quippe
1588 416 1818 464 magnam

147 488 400 536 Thracum
425 502 629 535 manum
652 483 851 533 iunctus
878 482 1142 547 praedictis
1173 481 1386 532 ducibus
1421 482 1819 539 RhoemetalceS,

139 566 392 631 ,Thraciae
415 584 512 627 rex,
532 565 584 615 in
606 563 909 615 adiutorium
927 563 1034 614 eius
1059 562 1175 613 belli
1198 580 1370 612 secum
1388 562 1635 626 trahebat)
1661 577 1820 625 paene

18 696 22 707 ,
148 647 447 698 exitiabilem
489 645 725 698 omnibus
765 646 961 695 cladem
996 643 1190 693 intulit:
1240 645 1350 693 fusa
1386 643 1631 708 regiorum
1674 658 1820 705 eque-
1841 653 1864 694 5

10 717 22 792 ᾖ
100 749 124 789 5
147 729 259 779 stris
280 729 427 790 acies,
453 731 649 793 fugatae
670 729 793 787 alae,
819 742 1090 776 conuersae
1114 726 1346 775 cohortes
1368 734 1498 785 sunt,
1523 726 1659 788 apud
1683 723 1824 787 signa

10 799 12 807 ’
147 828 352 876 quoque
379 810 631 875 legionum
663 809 976 873 trepidatum.
1049 809 1139 858 sed
1172 806 1391 858 Romani
1422 806 1578 856 uirtus
1610 804 1822 863 †militis

149 894 260 957 plus
283 909 346 943 eo
369 902 594 956 tempore
625 890 934 941 uindicatum
965 888 1149 954 gloriae
1180 905 1332 953 quarn
1364 888 1577 939 ducibus
1610 885 1820 949 reliquit,

146 973 235 1037 qui
272 975 484 1023 multum
521 990 553 1022 a
592 989 731 1023 more
771 969 1096 1037 imperatoris·
1119 969 1196 1020 sui
1241 969 1579 1033 discrepantes
1615 976 1734 1017 ante
1770 965 1783 1014 i
1791 983 1822 1014 n

148 1056 344 1105 hostem
379 1054 675 1114 inciderunt,
709 1070 860 1118 quam
892 1069 981 1117 per
1007 1053 1353 1116 exploratores,
1379 1050 1467 1100 ubi
1495 1048 1652 1100 hostis
1676 1057 1820 1107 esset,

74 1155 126 1185 ιο
147 1147 519 1200 cognoscerent.
614 1134 713 1184 iam
764 1133 910 1198 igitur
959 1132 1011 1182 in
1062 1131 1228 1183 dubiis
1279 1133 1427 1182 rebus
1478 1140 1636 1181 semet
1686 1130 1823 1195 ipsae
1843 1138 1869 1180 6

149 1217 369 1281 legiones
402 1218 707 1276 adhortatae,
734 1214 963 1279 iugulatis
997 1214 1064 1264 ab
1098 1215 1242 1264 hoste
1277 1213 1578 1277 quibusdam
1614 1211 1824 1262 tribunis

150 1297 377 1358 militum,
418 1297 716 1361 interempto
756 1297 1007 1360 praefecto
1042 1304 1314 1345 castrorum
1350 1293 1710 1359 praefectisque
1745 1311 1826 1344 co-

149 1379 382 1440 hortium,
431 1396 534 1429 non
588 1378 858 1428 incruentis
904 1376 1292 1438 centurionibus,
1341 1376 1428 1441 qui
1474 1377 1624 1427 etiam
1679 1376 1824 1441 primi

16 1529 17 1534 1
148 1460 337 1511 ordinis
377 1459 616 1521 cecidere,
658 1459 892 1514 inuasere,
929 1460 1099 1509 hostes
1139 1475 1234 1508 nec
1274 1457 1565 1508 sustinuisse
1603 1457 1826 1508 contenti

15 1549 19 1617 ξ
75 1564 91 1594 ι
102 1566 125 1606 5
148 1552 381 1607 perrupta
403 1558 576 1592 eorum
610 1540 717 1591 acie
752 1557 813 1590 ex
847 1540 1098 1605 insperato
1131 1539 1391 1590 uictoriam
1427 1539 1822 1589 uindicauerunt.

149 1625 248 1674 hoc
293 1625 395 1674 sere
432 1634 656 1688 tempore
693 1622 926 1687 Agrippa,
967 1621 1054 1687 qui
1099 1623 1281 1672 eodem
1327 1621 1410 1672 die
1451 1638 1554 1686 quo
1594 1620 1824 1671 Tiberius
1850 1640 1872 1683 7

147 1707 414 1771 adoptatus
449 1706 517 1755 ab
551 1722 651 1755 auo
687 1721 780 1754 suo
818 1703 1027 1753 naturali
1062 1713 1165 1753 erat
1197 1713 1247 1753 et
1277 1702 1376 1752 iam
1408 1712 1525 1753 ante
1550 1702 1823 1762 biennium,

149 1787 309 1852 qualis
341 1797 485 1848 esset,
510 1803 747 1851 apparere
779 1795 1025 1850 coeperat,
1052 1784 1176 1834 mira
1210 1784 1452 1850 prauitate
1486 1783 1641 1834 animi
1674 1794 1826 1848 atque

149 1870 317 1935 ingeni
341 1870 393 1920 in
415 1869 703 1935 praecipitia
726 1885 997 1919 conuersus
1022 1867 1172 1933 patris
1195 1878 1346 1932 atque
1378 1867 1604 1918 eiusdem
1635 1867 1718 1916 aui
1750 1867 1825 1917 sui

75 1974 127 2003 ιο
148 1953 373 2004 animum
413 1952 649 2003 alienauit
686 1951 795 2013 sibi,
835 1968 1052 2016 moxque
1087 1951 1423 2001 crescentibus
1459 1950 1510 2000 in
1545 1950 1654 2001 dies
1694 1949 1828 2001 uitiis

149 2036 356 2102 dignum
380 2038 543 2087 furore
566 2053 659 2086 suo
682 2034 857 2085 habuit
880 2034 1079 2085 exitum.

217 2118 406 2183 Accipe
429 2134 579 2179 nunc,
608 2119 679 2167 M.
706 2115 887 2178 Vinici,
913 2126 1107 2166 tantum
1132 2115 1183 2166 in
1208 2116 1341 2166 bello
1365 2117 1562 2176 ducem,
1583 2124 1826 2180 quantum
1849 2125 1929 2172 113

209 2261 227 2289 r
251 2261 447 2301 magnam
464 2251 528 2298 (-a
541 2248 598 2292 Ρ)
614 2248 828 2288 Thracum
848 2260 975 2287 manu
991 2245 1083 2286 ΑΡ
1145 2259 1171 2286 2
1200 2260 1370 2287 manum
1387 2245 1621 2287 Rhenanus
1709 2247 1828 2286 iunc-

149 2303 318 2345 tus-B:
365 2305 522 2345 iunctis
559 2303 652 2347 del..
689 2302 782 2342 dein
821 2302 992 2342 iunctus
1024 2301 1099 2343 A:
1127 2302 1299 2342 uinctus
1328 2301 1372 2341 P
1533 2301 1752 2353 predictus
1781 2301 1824 2340 A

152 2359 326 2399 Rhome
338 2365 385 2399 et
398 2359 530 2400 Alces
544 2357 684 2409 ABP,
697 2371 775 2399 em.
789 2356 1023 2397 Rhenanus
1131 2370 1158 2408 3
1176 2357 1360 2397 Thracie
1380 2356 1423 2395 A
1512 2356 1555 2396 in
1576 2355 1690 2397 AP:
1720 2370 1828 2396 num

150 2426 304 2465 magna
323 2413 425 2455 Thr.
450 2426 610 2454 manu.
669 2412 960 2454 ,adiutorium
980 2412 1201 2452 trahebat?
1420 2423 1532 2462 pene
1553 2411 1595 2451 A
1802 2423 1828 2461 4

149 2469 242 2510 tus·
276 2467 405 2510 Voss·
435 2469 535 2520 suga
555 2467 672 2508 BA.
692 2466 894 2518 sugataP
1009 2479 1120 2517 aequ.
1142 2466 1186 2506 A
1315 2479 1341 2517 5
1361 2466 1518 2517 aputA
1631 2467 1660 2506 6
1680 2465 1830 2506 Militis

147 2530 351 2576 supra-ur.
374 2524 520 2564 militis
538 2523 580 2563 A
603 2524 661 2563 ita
679 2527 818 2562 tamen
839 2526 887 2560 ut
904 2520 959 2560 M
972 2522 1105 2562 littera
1130 2523 1280 2561 incerta
1304 2522 1413 2561 miln
1434 2534 1561 2573 neque
1582 2526 1622 2561 st
1643 2522 1829 2561 multum

148 2578 363 2619 dnh-milis
390 2579 483 2618 uisa
509 2579 591 2618 sit·
626 2577 827 2617 militibus
855 2575 1047 2629 Lupum:
1089 2576 1208 2616 militi
1235 2574 1386 2616 Gruter
1511 2588 1534 2626 7
1565 2576 1829 2616 uindicatum

149 2634 199 2674 iit
215 2632 275 2674 ed.
295 2631 476 2686 Βὲροηιε
502 2633 687 2685 sortasse
706 2631 845 2672 mike
865 2631 946 2672 sibi
968 2635 1065 2684 post
1086 2632 1362 2673 uindicatum.
1420 2630 1518 2671 Vnde
1541 2630 1704 2672 Comm.
1727 2631 1826 2673 Crit.

147 2689 176 2729 8
203 2700 348 2728 amore
375 2689 499 2728 duci·
523 2694 725 2740 supra-ven
759 2686 1026 2738 imperatoris
1051 2686 1095 2726 A
1236 2687 1535 2738 discrepantes
1557 2685 1615 2726 10.
1640 2685 1695 2727 Is.
1717 2685 1830 2727 Pon-

147 2748 278 2783 tem
297 2742 447 2784 Anall.
475 2743 504 2785 i.
528 2755 546 2782 1
572 2743 752 2794 (1599).
781 2739 1112 2793 crepantesAP
1221 2753 1272 2782 ro
1299 2740 1446 2793 ipseA
1564 2753 1613 2781 12
1634 2741 1829 2793 prefecto

147 2803 340 2904 “51¹ae
344 2796 427 2893 ¹1:12
444 2794 1472 2905 fflssaemffessiikffiffissffiffi'hssffss
1484 2809 1535 2836 ‘²
1553 2796 1833 2902 ἧΜέζῖἒῖἒέ

148 2905 300 2950 ABP:
334 2907 499 2948 ordinis
540 2905 755 2947 Gelenius:
802 2919 828 2948 e
854 2906 1011 2958 quibus
1038 2918 1080 2948 e.
1109 2918 1150 2957 p.
1174 2906 1351 2947 ordines
1369 2904 1533 2945 Boecler
1654 2916 1705 2957 15
1734 2918 1830 2959 pre·

149 2968 274 3013 rupta
293 2961 337 3002 A
464 2974 513 3013 17
542 2967 587 3003 et
607 2974 688 3002 mn
711 2959 920 3003 Geeem'us·
941 2960 1070 3002 etiam
1089 2958 1181 3000 ΑΡ
1317 2962 1367 3002 ι8
1395 2966 1571 3013 ceperat
1589 2959 1632 3001 A
1778 2973 1828 3013 19

148 3017 310 3069 ingenii
327 3016 418 3058 ΑΡ
576 3029 626 3057 21
658 3028 739 3058 suo
755 3022 885 3070 supra
903 3028 1073 3057 uersum
1092 3014 1135 3055 A

940 3190 1017 3233 ¹²3
