2014 3392
707 172 966 220 VELLEI
1005 173 1406 223 PATERCVLI

219 324 377 357 annos
418 309 571 358 ferme
613 312 810 361 †CLVI1.
884 318 933 358 et
978 318 1092 373 post
1138 326 1326 359 annum
1374 310 1654 360 Scolacium
1704 311 1887 361 Miner-

219 389 370 450 uium,
397 392 669 440 Tarentum
695 390 961 454 Neptunia,
990 393 1338 455 Carthagoque
1360 391 1412 440 in
1445 392 1612 441 Africa
1634 392 1805 456 prima,
1832 402 1886 442 ut

172 492 191 527 5
217 471 562 533 praediximus,
590 481 723 521 extra
748 472 943 521 Italiam
968 472 1165 522 colonia
1188 473 1391 522 condita
1414 483 1499 523 est.
1574 475 1638 523 de
1664 477 1886 524 Dertona

127 970 186 1016 16

216 552 493 616 ambigitur,
516 555 688 603 Narbo
706 563 873 603 autem
894 553 1103 603 Martius
1127 553 1179 602 in
1205 555 1366 604 Gallia
1390 555 1567 604 Porcio
1593 555 1885 618 Marcioque

218 634 505 684 consulibus
530 635 714 684 abhinc
737 651 896 684 annos
921 634 1112 684 circiter
1135 639 1164 686 †
1181 650 1305 683 cL111
1333 637 1550 685 deducta
1574 636 1771 685 colonia
1795 646 1881 686 est.
1910 651 1932 691 5

216 725 329 778 post
367 721 549 768 †XXI11
589 733 748 765 annos
786 715 838 764 in
877 715 1143 779 Bagiennis
1186 716 1436 779 Eporedia
1483 716 1646 766 Mario
1694 725 1886 766 sextum

216 797 516 862 Valerioque
541 799 722 847 Flacco
741 796 1041 846 consulibus.
1103 814 1268 861 neque
1291 798 1435 847 facile
1458 797 1728 847 memoriae
1752 815 1887 847 man-

217 878 453 939 dauerim,
481 895 609 942 quae
633 878 728 927 nisi
752 878 973 927 militaris
997 887 1110 942 post
1134 880 1232 928 hoc
1255 888 1452 943 tempus
1477 881 1694 929 deducta
1717 879 1791 928 sit.

285 962 416 1010 Cum
440 961 565 1008 haec
588 959 827 1023 particula
855 959 1017 1023 operis
1050 962 1187 1009 uelut
1218 962 1429 1010 formam
1460 960 1701 1024 propositi
1725 978 1886 1010 exces-

216 1042 344 1102 serit,
372 1058 676 1106 quamquam
714 1040 948 1104 intellego
979 1040 1102 1089 mihi
1139 1041 1191 1090 in
1223 1043 1317 1090 hac
1348 1051 1450 1090 tam
1478 1041 1734 1105 praecipiti
1757 1041 1886 1091 festi·

216 1124 431 1183 natione,
459 1139 587 1187 quae
625 1138 706 1171 me
743 1130 880 1171 rotae
917 1122 1127 1185 proniue
1163 1122 1364 1186 gurgitis
1401 1139 1461 1171 ac
1498 1122 1694 1172 uerticis
1730 1124 1885 1172 modo

216 1221 463 1269 nusquam
498 1203 680 1267 patitur
718 1203 1000 1264 consistere,
1041 1220 1201 1267 paene
1239 1203 1394 1267 magis
1436 1204 1712 1253 necessaria
1751 1221 1886 1268 prae-

216 1287 455 1336 tereunda
501 1302 653 1349 quam
705 1301 1012 1348 superuacua
1061 1286 1421 1348 amplectenda,
1471 1302 1669 1349 nequeo
1718 1294 1885 1335 tamen

140 1370 147 1375 ’
216 1379 488 1432 temperare
513 1366 649 1427 mihi,
677 1366 797 1431 quin
821 1383 925 1416 rem
950 1384 1098 1430 saepe
1121 1367 1354 1431 agitatam
1381 1366 1550 1416 animo
1575 1384 1690 1416 meo
1722 1384 1886 1431 neque

170 1472 189 1498 2

216 1452 281 1500 ad
322 1449 568 1514 liquidum
609 1448 799 1497 ratione
839 1450 1131 1512 perductam
1172 1448 1362 1512 signem
1400 1447 1526 1497 stilo.
1599 1448 1710 1512 quis
1751 1448 1885 1498 enirn

215 1534 417 1582 abunde
441 1529 605 1580 mirari
635 1538 813 1593 potest,
841 1531 979 1594 quod
1011 1529 1402 1579 eminentissima
1433 1528 1674 1593 cuiusque
1704 1531 1887 1592 profes-

216 1614 368 1665 sionis
392 1612 590 1677 ingenia
612 1612 664 1660 in
688 1613 901 1661 eandem
924 1613 1135 1661 formam
1160 1620 1208 1661 et
1242 1611 1294 1660 in
1326 1611 1461 1660 idem
1484 1611 1626 1660 artati
1650 1611 1886 1674 temporis

218 1712 487 1760 congruere
521 1693 749 1758 spatium,
776 1702 825 1743 et
863 1695 1291 1757 quemadmodum
1329 1694 1497 1742 clausa
1533 1709 1686 1756 capso
1722 1693 1886 1743 alioue

218 1787 389 1841 saepto
415 1775 597 1827 diuersi
620 1775 811 1839 generis
835 1775 1067 1824 animalia
1090 1775 1247 1824 nihilo
1271 1774 1436 1824 minus
1468 1783 1691 1838 separata
1712 1774 1885 1824 alienis

217 1860 269 1908 in
308 1875 465 1908 unum
503 1858 741 1921 quodque
779 1873 958 1920 corpus
995 1865 1366 1920 congregantur,
1393 1855 1462 1905 ita
1493 1856 1734 1920 cuiusque
1769 1856 1887 1905 clari

218 1940 379 2004 operis
426 1937 628 2002 capacia
664 1937 862 2002 ingenia
907 1938 959 1987 in
1001 1937 1376 1988 similitudinem
1417 1946 1466 1987 et
1506 1947 1788 2001 temporum
1837 1947 1886 1987 et

171 2047 193 2085 3
216 2024 528 2086 profectuum
567 2029 723 2070 semet
760 2019 868 2084 ipsa
904 2021 968 2070 ab
1005 2019 1112 2070 aliis
1151 2028 1514 2083 separauerunt.
1587 2037 1688 2069 una
1722 2036 1886 2084 neque

217 2106 486 2153 multorum
520 2119 766 2151 annorum
802 2102 961 2165 spatio
1003 2102 1163 2152 diuisa
1202 2111 1336 2152 aetas
1370 2118 1461 2165 per
1498 2101 1657 2151 diuini
1689 2101 1885 2165 spiritus

277 2247 294 2272 1
327 2245 445 2272 eLvn
463 2233 553 2272 AP
566 2246 575 2271 :
619 2245 705 2271 eL11
724 2232 920 2284 Lipsius:
963 2245 1067 2272 cun
1087 2232 1253 2272 Krause
1461 2231 1707 2281 Scolafium,
1730 2230 1884 2272 Miner·

218 2290 347 2340 uium‚
366 2289 610 2338 Tarentum,
633 2288 851 2338 Neptunia
869 2287 959 2326 Pet
971 2288 1029 2338 A,
1050 2287 1133 2327 nisi
1148 2286 1260 2338 quod
1272 2293 1398 2339 super
1411 2286 1663 2325 mineruium
1688 2286 1885 2338 scriptum

218 2344 336 2382 habet
353 2343 577 2382 minerium
594 2356 605 2393 3
633 2342 711 2380 has
736 2342 843 2382 duas
861 2354 943 2380 esse
962 2341 1066 2393 (non
1085 2341 1148 2395 lv)
1179 2341 1355 2381 colonias
1374 2341 1507 2380 docuit
1531 2341 1769 2380 Mommsen
1789 2341 1883 2382 Ber.

220 2398 292 2437 der
323 2398 451 2438 sciens.
495 2397 543 2437 G.
583 2397 621 2438 d.
668 2396 732 2437 W.
767 2396 911 2448 philol.
956 2396 1062 2448 1849
1269 2409 1294 2435 2
1323 2395 1551 2446 Carthago,
1594 2408 1704 2445 quae
1743 2395 1882 2436 Salm.

219 2458 255 2491 et
280 2453 382 2491 Voss
550 2465 576 2501 3
606 2457 730 2490 extra
749 2451 873 2490 aliam
892 2451 935 2491 A
1051 2452 1229 2491 dertona
1247 2463 1296 2489 ex
1312 2456 1483 2491 rertona
1502 2462 1599 2490 corr.
1620 2450 1662 2488 A
1859 2463 1885 2499 4

220 2508 366 2546 Portio
389 2507 619 2557 Marcoque
638 2506 726 2546 AP
885 2517 911 2556 5
939 2518 1044 2545 CL111
1062 2506 1174 2546 AP:
1202 2518 1331 2544 CXLV1
1360 2505 1528 2556 Lipsius
1717 2506 1745 2542 6
1773 2517 1884 2544 xxm

219 2561 332 2600 AP:
362 2574 474 2601 xvm
492 2561 634 2601 Aldus
836 2560 1043 2611 Bagienni
1063 2561 1264 2611 seporedi
1284 2560 1367 2599 BA
1388 2573 1398 2599 ε
1429 2559 1655 2598 Baciennis
1673 2558 1886 2609 Eporedia

220 2616 262 2653 P
367 2616 532 2656 Marios
547 2617 589 2654 A
610 2629 619 2654 ε
649 2620 814 2655 sextum
837 2615 1036 2655 Cludius:
1066 2615 1240 2655 sexiens
1264 2614 1364 2667 (·es)
1387 2613 1518 2653 ABP
1654 2627 1676 2663 7
1706 2614 1820 2653 facili
1838 2613 1881 2652 A

219 2683 246 2720 9
275 2683 466 2710 normam
492 2670 632 2709 Halm
758 2682 810 2708 10
836 2669 1027 2720 intelligo
1052 2670 1096 2709 P
1201 2670 1245 2708 in
1264 2682 1346 2709 om.
1367 2669 1410 2707 A
1542 2681 1591 2718 13
1619 2681 1885 2718 superuacua

220 2725 263 2762 P
278 2730 315 2763 et
341 2729 389 2764 ut
414 2726 522 2764 mihi
546 2725 686 2763 uisum
714 2728 771 2762 est
787 2724 830 2763 A
852 2738 862 2763 ε
890 2725 1147 2774 superuania
1166 2725 1224 2776 A,
1252 2727 1300 2762 ut
1323 2722 1518 2774 Fechtero‚
1542 2735 1812 2772 superuanea
1840 2727 1888 2761 ut

224 2779 373 2818 Orellio
393 2781 533 2819 uisum
554 2793 563 2818 ε
591 2791 911 2829 superuacanea
932 2779 1061 2818 Orelli
1245 2791 1293 2828 17
1322 2778 1366 2816 in
1387 2790 1480 2816 eam
1498 2777 1564 2816 P:
1594 2778 1734 2816 ineam
1752 2778 1794 2816 A
1816 2776 1891 2816 sed

221 2834 264 2870 in
291 2847 384 2873 eam
411 2847 575 2885 marg.:
613 2834 658 2872 in
685 2834 864 2873 eandem
892 2833 1123 2874 Rhenanus
1315 2833 1365 2871 18
1394 2839 1631 2881 congruere
1659 2832 1884 2871 Heinsius:

212 2900 465 2938 congruens
494 2888 606 2927 AP:
636 2893 928 2938 congruerunt
954 2889 1030 2928 alii
1136 2888 1280 2928 clauso
1302 2888 1345 2926 A
1450 2899 1580 2936 capso
1611 2886 1694 2924 BA
1716 2900 1726 2924 :
1756 2898 1885 2936 capsa

222 2941 264 2979 P
384 2943 522 2982 alioue
537 2943 732 2994 Lipsius:
772 2943 940 2993 alioque
969 2943 1060 2982 ΑΡ
1234 2955 1284 2993 19
1302 2947 1426 2992 septo
1457 2941 1500 2980 P
1621 2939 1714 2992 [ab]
1735 2940 1884 2979 alienis

221 2996 421 3035 Heinsius
585 3010 637 3035 20
666 2998 867 3048 quodque
892 2998 1113 3038 Heinsius:
1154 3010 1325 3047 quoque
1345 2995 1434 3035 AP
1448 3010 1457 3036 :
1496 3007 1691 3046 quaeque
1718 2995 1886 3047 Lipsius

223 3063 272 3089 21
304 3051 578 3090 similitudine
598 3051 804 3091 Ruhnken
968 3065 1020 3091 22
1049 3052 1286 3102 profectum
1314 3051 1356 3089 A

1033 3116 1082 3156 16

1913 1044 2007 1096 10}

1912 1421 2014 1512 15}

1984 733 2010 1039 g

1985 1097 2009 1387 ἶῑ
