2014 3392
702 192 962 241 VELLEI
1000 191 1400 241 PATERCVLI

227 329 418 382 Antoni
441 330 663 379 animum
687 329 907 394 partibus
932 329 1036 380 eius
1061 347 1113 380 se
1133 329 1422 391 miscuisset,
1443 340 1645 395 rogante
1665 333 1889 392 Caesare,

223 422 283 461 <ut
307 429 476 461 secum
501 414 565 461 ad
598 412 783 462 bellum
820 411 1208 475 proficisceretur
1239 412 1529 462 Actiacum:
1567 430 1690 473 mea,
1718 413 1891 476 inquit,

222 493 279 545 in
321 492 598 542 Antonium
640 492 826 542 maiora
866 491 1039 541 merita
1085 501 1213 552 sunt,
1253 492 1382 541 illius
1428 492 1480 541 in
1527 510 1607 542 me
1654 493 1896 542 beneficia

229 567 422 623 notiora
437 592 452 635 3
508 573 674 636 itaque
721 572 1004 623 discrimine
1051 582 1216 623 uestro
1264 590 1345 623 me
1392 574 1677 622 subtraham
1715 583 1764 623 et
1811 591 1894 623 ero

219 657 412 723 ,praeda
436 653 648 703 uictoris.
1918 666 1941 705 5

127 737 204 798 187
296 735 527 785 Proximo
563 735 745 785 deinde
776 752 910 784 anno
945 745 1230 798 persecutus
1266 735 1483 799 reginam
1520 736 1896 799 Antoniumque

229 816 593 876 Alexandriam,
645 815 868 864 ultimam
928 815 1068 864 bellis
1116 815 1342 865 ciuilibus
1394 816 1629 880 imposuit
1676 834 1892 865 manum.

229 898 477 948 Antonius
503 915 555 946 se
580 897 685 960 ipse
709 914 812 946 non
834 896 1048 960 segniter
1079 896 1338 957 interemit,
1365 900 1493 947 adeo
1518 908 1572 947 ut
1596 900 1751 946 multa
1774 897 1899 947 desi-

226 980 342 1033 diae
369 979 574 1031 on'imina
606 988 764 1028 morte
788 978 1062 1028 redimeret.
1106 988 1157 1027 at
1189 980 1453 1042 Cleopatra
1475 979 1712 1028 frustratis
1738 989 1898 1028 custo·
1993 1042 1995 1045 ι

230 1061 376 1111 dibus
396 1060 554 1113 inlata
576 1058 762 1122 aspide,
784 1059 834 1107 in
856 1076 1022 1109 morsu
1047 1058 1283 1122 sanieque
1307 1059 1426 1119 eius,
1454 1077 1624 1123 expers
1644 1059 1896 1108 muliebris
1924 1073 1972 1101 10

181 1165 202 1194 2
232 1151 392 1191 metus
423 1140 655 1205 spiritum
696 1139 923 1190 reddidit.
996 1138 1187 1202 fuitque
1225 1149 1274 1188 et
1313 1141 1510 1188 fortuna
1550 1149 1599 1189 et
1637 1140 1899 1189 clementia

231 1222 455 1274 Caesaris
491 1221 712 1285 dignum,
740 1223 877 1284 quod
913 1237 1063 1271 nemo
1099 1237 1158 1269 ex
1192 1220 1265 1281 iis,
1292 1220 1378 1284 qui
1413 1230 1584 1270 contra
1618 1238 1733 1270 eum
1765 1238 1900 1270 arma

232 1306 456 1363 tulerant,
494 1303 558 1351 ab
594 1319 654 1351 eo
690 1301 890 1350 iussuue
926 1300 1030 1351 eius
1070 1300 1393 1365 interemptus
1434 1309 1512 1351 est.
1587 1305 1648 1351 D.
1691 1305 1899 1352 Brutum

189 1394 191 1397 ’
230 1384 421 1434 Antoni
439 1383 684 1433 interemit
703 1382 977 1432 crudelitas.
1040 1384 1241 1431 Sextum
1267 1382 1562 1446 Pompeium
1586 1383 1650 1432 ab
1676 1387 1898 1435 †eodem

231 1467 419 1516 uictum
461 1466 594 1515 idem
633 1464 896 1524 Antonius,
942 1481 1056 1513 cum
1098 1463 1346 1527 dignitatis
1385 1481 1586 1528 quoque
1627 1468 1898 1516 seruandae
1924 1479 1971 1520 15
2013 1530 2014 1533 Ἴ

186 1575 208 1614 3
231 1548 450 1598 dedisset
484 1549 650 1607 fidem,
691 1546 839 1595 etiam
876 1545 1046 1609 spiritu
1087 1545 1311 1609 priuauit.
1386 1549 1566 1595 Brutus
1609 1556 1658 1596 et
1699 1546 1899 1611 Cassius

230 1638 359 1689 ante,
387 1645 537 1691 quam
562 1626 806 1676 uictorum
831 1625 1163 1689 experirentur
1184 1626 1422 1687 animum,
1443 1627 1720 1677 uoluntaria
1743 1638 1929 1678 morte·
1999 1689 2001 1691 μ

232 1709 473 1759 obierunt.
564 1707 754 1757 Antoni
792 1709 1184 1770 Cleopatraeque
1222 1707 1332 1771 quis
1370 1708 1513 1757 fuerit
1551 1708 1706 1758 exitus
1744 1727 1903 1759 narra-

232 1792 408 1841 uimus.
483 1790 722 1842 Canidius
759 1789 977 1840 timidius
1014 1790 1239 1851 decessit,
1266 1807 1416 1854 quam
1452 1791 1744 1855 professioni
1780 1793 1899 1854 eius,

233 1891 332 1938 qua
356 1891 549 1937 semper
574 1890 690 1922 usus
723 1882 838 1933 erat,
867 1874 1181 1936 congruebat.
1254 1873 1455 1923 ultimus
1486 1884 1652 1924 autem
1677 1893 1736 1925 ex
1760 1876 1902 1926 inter·
1929 1894 1979 1922 20

233 1956 500 2006 sectoribus
539 1955 762 2006 Caesaris
795 1955 1073 2005 Parmensis
1104 1955 1303 2006 Cassius
1342 1966 1499 2007 morte
1523 1974 1710 2021 poenas
1748 1959 1899 2020 dedit,

234 2047 289 2086 ut
313 2039 517 2086 dederat
541 2036 821 2086 Trebonius
834 2038 1044 2100 primus.

144 2120 209 2167 88
304 2121 440 2167 Dum
487 2117 712 2166 ultimam
771 2118 903 2168 bello
962 2118 1170 2168 Actiaco
1228 2119 1663 2183 Alexandrinoque
1722 2123 1904 2172 Caesar

290 2261 309 2287 1
340 2247 521 2286 Antonii
539 2247 630 2285 ΑΡ
737 2248 976 2287 miscuisset
995 2247 1080 2286 BA
1102 2263 1111 2288 :
1141 2249 1442 2288 immiscuisset
1461 2249 1504 2287 P
1610 2264 1635 2288 2
1663 2250 1789 2290 Actia
1809 2264 1902 2290 cum

231 2303 273 2341 A
388 2315 413 2351 4
443 2302 687 2341 discrimine
700 2302 800 2349 ΑΡ,
816 2307 862 2341 ut
881 2302 996 2354 Verg.
1009 2303 1118 2342 Aen.
1135 2304 1187 2342 vi.
1206 2305 1297 2354 465,
1314 2305 1395 2354 698
1414 2319 1423 2343 ε
1446 2305 1674 2343 discrimini
1687 2305 1730 2343 A
1736 2306 1906 2344 cidalius
1999 2322 2003 2323 ⁷

232 2359 259 2395 6
288 2357 444 2396 deinde
474 2356 588 2396 BA:
637 2370 718 2397 om.
748 2356 792 2395 P
954 2370 977 2406 7
1006 2358 1326 2397 Alexandream
1363 2357 1447 2396 BA
1618 2373 1645 2410 9
1675 2361 1905 2399 redemerit
2003 2366 2014 2418 ’ᾗ

233 2412 369 2450 Halm
503 2425 553 2451 10
581 2411 773 2461 aspidem
792 2411 835 2450 A
857 2426 867 2451 z
895 2412 1043 2462 aspide
1065 2412 1108 2450 in
1127 2412 1170 2450 B
1190 2427 1199 2451 :
1229 2413 1377 2462 aspide
1397 2412 1440 2450 P
1565 2413 1731 2464 morsuss
1749 2415 1795 2453 A
1815 2415 1903 2466 (sic)
1997 2427 2014 2478 ⁴³

233 2480 338 2506 sane
371 2466 462 2505 eius
494 2465 648 2505 ABP:
683 2467 886 2516 sanieque
917 2467 1012 2505 eius
1039 2466 1098 2507 Io.
1121 2466 1176 2506 Is.
1200 2467 1446 2507 Fontanus:
1475 2474 1519 2507 et
1538 2470 1657 2507 sanie
1682 2469 1775 2508 eius
1794 2469 1904 2508 Bur·
2012 2509 2014 2514 f

234 2534 398 2561 mann:
427 2534 533 2559 num
563 2533 727 2559 morsus
759 2521 882 2560 sanie
907 2520 1026 2561 eius?
1192 2521 1381 2560 mulieris
1413 2521 1456 2560 A
1657 2536 1705 2562 12
1736 2524 1803 2562 his
1822 2523 1911 2562 ΑΡ
2007 2523 2014 2574 4¹

237 2589 286 2625 13
311 2576 429 2615 iussu
443 2589 496 2614 ue
515 2574 574 2626 A,
594 2575 667 2613 sed
679 2575 911 2625 interposito
924 2575 944 2613 s
951 2575 1064 2625 quod
1079 2575 1217 2614 dubito
1229 2590 1285 2615 an
1305 2589 1324 2614 s
1332 2576 1466 2625 fuerit
1476 2590 1495 2624 ,·
1523 2581 1617 2615 certe
1633 2579 1750 2616 solito
1771 2579 1912 2616 minor
2010 2583 2014 2585 “

234 2635 302 2679 est,
317 2630 482 2668 tametsi
497 2634 634 2668 contra
657 2630 857 2669 Orellz'um
877 2630 1043 2668 Fechter
1055 2631 1111 2669 sic
1128 2631 1264 2681 legen‘t
1282 2632 1476 2670 iussusue
1588 2638 1652 2670 est
1673 2633 1763 2671 add.
1783 2633 1912 2672 Orelli

238 2697 286 2734 14
315 2684 496 2724 Antonii
515 2683 606 2722 ΑΡ
737 2685 790 2723 ab
809 2683 923 2724 AB:
956 2685 1010 2724 ob
1029 2685 1095 2724 P:
1124 2685 1176 2724 ab
1196 2699 1248 2724 eo
1269 2686 1485 2725 deuictum
1503 2685 1723 2725 Acidalius
1745 2689 1795 2739 (3)
1817 2702 1826 2726 :
1854 2687 1906 2725 ab

236 2740 388 2778 eodem
407 2740 565 2778 uictum
583 2738 872 2790 interpolatum
893 2743 1008 2777 ratus
1028 2744 1087 2778 est
1110 2739 1256 2778 Nova'k
1426 2751 1473 2788 15
1503 2742 1739 2780 seruandae
1759 2755 1841 2780 om.
1858 2741 1902 2779 A

239 2795 288 2832 16
310 2798 407 2844 post
419 2794 546 2833 etiam
566 2806 731 2832 erasum
751 2798 809 2832 est
825 2794 867 2831 in
886 2793 929 2832 A
954 2807 1017 2843 pr.-
1030 2794 1234 2833 nimirum
1252 2795 1474 2845 sm'pturus
1499 2795 1643 2844 fuerat
1673 2795 1716 2833 A
1723 2795 1904 2833 merbach

234 2849 418 2898 priuauit
457 2848 619 2898 spiritu,
653 2848 800 2886 melius
842 2847 952 2886 credo
994 2849 1053 2887 ad
1075 2862 1228 2887 sonum
1266 2854 1387 2899 atque
1421 2849 1634 2899 emphasin
1857 2851 1907 2888 18

235 2903 486 2952 Cleopatrae
515 2916 624 2952 quae
652 2902 696 2940 A
863 2903 991 2941 fuerit
1020 2916 1068 2940 ex
1094 2903 1245 2942 fuisset
1272 2903 1316 2941 A
1338 2918 1347 2943 :
1378 2903 1526 2942 fuisset
1554 2903 1597 2942 P
1788 2917 1838 2954 19
1867 2904 1906 2942 ei

239 2956 411 2995 Cludius
575 2970 627 2995 22
656 2957 816 3007 primus
836 2957 932 2998 add.
945 2957 1091 2996 Aldus
1107 2957 1180 2996 sed
1186 2962 1284 3008 post
1303 2959 1481 2997 dederat
1617 2971 1671 3008 23
1699 2957 1904 3011 Actiacopj

235 3010 278 3049 A
304 3010 391 3063 (sic)

1023 3107 1099 3135 100
