2014 3444
684 227 1228 276 PROLEGOMENA

16 351 26 418 ”.
116 384 210 417 esse
227 369 287 428 A,
313 367 523 430 equestri
541 369 770 427 Burerus,
795 366 1024 428 equestris
1041 367 1094 413 P.
1152 363 1255 413 Hic
1280 365 1383 413 duo
1408 371 1648 412 testantur
1665 361 1796 410 abla-

118 455 292 515 tiuum,
318 472 420 504 una
443 458 483 504 P
506 455 745 517 equestris.
819 453 1060 504 Cedimus
1097 451 1285 515 duplici
1303 450 1590 501 testimonio
1612 469 1625 511 3
1659 450 1797 500 uide-

0 532 26 566 ζ·
116 544 231 594 licet
254 545 443 593 ordinis
464 552 752 606 corruptum
790 544 948 591 fuerat
976 541 1028 590 in
1056 542 1326 604 archetypo
1342 558 1357 601 3
1391 541 1598 589 fortasse
1629 540 1799 587 ordine

115 632 167 682 in
204 634 386 685 ordino
415 631 511 695 (est
543 642 580 679 o
607 629 963 695 compendium
1006 628 1274 692 scripturae
1309 645 1400 692 pro
1434 626 1514 692 -is)
1548 636 1792 676 mutatum

37 732 51 743 ³
114 721 285 770 fuerat.
359 721 514 782 Quod
554 729 723 769 autem
761 721 808 767 A
849 718 1000 767 habet
1036 718 1277 780 sequestri,
1319 719 1533 765 Burerus
1573 715 1791 778 equestri,

114 810 267 859 credo
289 810 356 858 ad
382 809 769 858 Murbacensem
793 806 996 870 propius
1021 809 1069 855 A
1091 807 1330 855 accedere
1350 823 1365 866 3
1398 822 1423 853 s
1445 803 1569 853 illud
1596 812 1711 867 post
1728 819 1794 851 ex

113 906 294 961 sponte
316 897 599 947 adcreuisse
630 913 718 960 per
741 895 852 945 soni
876 894 1267 954 similitudinem,
1297 894 1597 956 exsequestri,
1625 909 1794 956 quem-

112 988 389 1037 admodum
420 987 625 1050 exsequi,
650 987 830 1049 exequi
847 984 1135 1049 saepissime
1159 984 1286 1034 inter
1309 1001 1363 1034 se
1387 992 1577 1033 mutata
1610 992 1792 1043 extant,

114 1075 183 1126 ita
217 1086 384 1126 tamen
414 1086 468 1126 ut
499 1094 594 1126 exs.
622 1078 959 1147 frequentetur
983 1075 1138 1139 magis
1162 1075 1214 1124 in
1238 1074 1607 1139 antiquissimis.

183 1183 227 1230 3.
268 1166 391 1216 Loci
415 1166 465 1216 in
491 1166 674 1230 quibus
698 1169 746 1215 A
770 1175 819 1216 et
845 1164 1103 1231 B(urerus)
1129 1174 1302 1214 contra
1326 1167 1365 1214 P
1390 1163 1688 1228 conspirant.

182 1254 228 1304 ii.
263 1270 336 1319 15.
370 1272 390 1304 1
419 1257 720 1305 Fontemium
744 1257 851 1315 AB,
877 1255 1130 1307 Fonteium
1157 1257 1210 1304 P.
1285 1271 1362 1318 32·
1397 1272 1416 1302 1
1453 1254 1657 1302 nimium
1693 1253 1793 1302 iam

111 1344 235 1393 liber
271 1350 405 1393 aeret
436 1345 553 1408 reip.
595 1347 702 1404 AB,
741 1345 864 1392 liber
899 1361 1008 1392 aere
1055 1345 1171 1407 reip.
1217 1345 1269 1391 P.
1345 1342 1448 1391 Hic
1489 1343 1793 1405 archetypon

109 1439 244 1482 aeret
263 1433 430 1496 potius
453 1450 606 1497 quam
630 1450 739 1481 aere
762 1431 1062 1496 praestitisse
1096 1431 1279 1492 iudico,
1306 1430 1536 1495 quamuis
1561 1430 1612 1479 in
1637 1430 1795 1480 dubio

111 1521 175 1572 sit
199 1522 322 1586 quid
359 1522 411 1571 in
446 1522 533 1572 illo
566 1528 660 1571 -ret
691 1523 854 1581 lateat,
892 1520 1150 1584 possitque
1187 1537 1247 1569 ex
1285 1537 1422 1585 mera
1462 1518 1795 1583 dittographia

111 1611 324 1671 uenisse,
364 1628 479 1660 cum
512 1612 589 1659 rei
621 1612 751 1660 male
788 1611 1067 1660 confusum.
1140 1611 1222 1658 An
1264 1608 1446 1658 excidit
1468 1608 1517 1672 f,
1555 1608 1793 1672 paulatim

111 1699 298 1751 deinde
332 1717 392 1750 ex
427 1702 602 1749 liberae
610 1701 738 1765 fieri
754 1701 870 1764 reip.
898 1701 1170 1761 conflatum
1196 1707 1271 1748 est
1294 1700 1418 1747 liber
1436 1686 1602 1747 aeret?
1655 1714 1732 1758 44.
1766 1715 1790 1746 2

112 1791 397 1839 auctoritate
417 1791 622 1854 Pompei
640 1790 748 1839 uiri
766 1790 956 1838 uiribus
974 1794 1151 1837 teneret
1172 1788 1399 1838 Caesaris
1415 1789 1463 1836 A
1487 1796 1536 1836 et
1562 1789 1792 1846 Burerus,

111 1879 301 1928 uiribus
322 1877 430 1928 sine
454 1879 561 1928 uiri
574 1880 628 1927 P.
703 1876 899 1928 Habuit
934 1876 1080 1941 igitur
1105 1875 1466 1936 Murbacensis,
1493 1875 1580 1940 qui
1606 1878 1794 1926 Burero

110 1965 164 2017 in
188 1966 420 2017 manibus
444 1976 562 2027 erat,
578 1966 713 2016 illam
738 1965 1127 2030 geminationem
1154 1966 1262 2014 uiri
1279 1966 1480 2025 uiribus,
1507 1965 1573 2014 ad
1598 1973 1794 2014 senten-

111 2053 231 2104 tiam
256 2054 578 2119 ineptissime,
597 2056 663 2104 ad
688 2064 907 2104 nostram
933 2053 1080 2103 crisin
1106 2053 1365 2103 utilissime
1385 2073 1395 2102 :
1432 2054 1487 2102 fit
1511 2053 1645 2103 enim
1672 2070 1793 2103 uero

109 2142 285 2203 simile,
302 2153 357 2193 ut
378 2146 634 2203 Burerum,
660 2142 732 2192 sic
756 2142 906 2192 etiam
925 2141 1331 2203 Amerbachium,
1351 2141 1576 2206 ineptum
1593 2141 1717 2192 illud
1741 2141 1792 2191 in

114 2231 436 2282 Murbacensi
484 2231 673 2295 legisse.
770 2234 848 2294 87.
900 2248 920 2280 1
967 2233 1046 2280 At
1089 2232 1346 2295 Cleopatra
1379 2231 1653 2294 frustratis
1696 2248 1795 2280 cus-

111 2322 299 2371 todibus
335 2322 497 2370 inlata
532 2322 746 2385 aspidem
781 2335 969 2373 morsus
1005 2319 1179 2385 (altera
1214 2337 1239 2369 s
1276 2318 1503 2385 inducta)
1541 2338 1658 2370 sane
1693 2322 1795 2370 eius

109 2418 279 2475 expers
323 2411 570 2459 muliebris
616 2416 768 2458 metus
811 2410 1039 2473 spiritum
1077 2409 1292 2457 reddidit
1326 2411 1387 2469 A,
1427 2410 1587 2458 inlata
1629 2411 1795 2474 aspide

109 2498 165 2548 in
189 2515 352 2548 morsu
372 2500 600 2558 Burerus,
625 2499 785 2547 inlata
809 2498 973 2565 aspide
996 2514 1157 2546 morsu
1183 2499 1236 2546 P.
1289 2499 1481 2547 Rursus
1507 2498 1793 2563 conspirant

113 2588 160 2637 A
193 2596 244 2637 et
278 2589 319 2636 B
358 2596 532 2637 contra
569 2588 623 2647 P,
663 2587 752 2636 sed
791 2587 929 2650 quod
965 2586 1018 2638 iu
1054 2585 1185 2647 huie,
1225 2603 1271 2634 m
1313 2586 1480 2650 potius
1517 2586 1679 2637 uisum
1717 2597 1792 2638 est

112 2675 479 2727 Amerbachio:
537 2675 705 2740 itaque
751 2674 843 2725 fuit
884 2674 935 2725 in
971 2675 1292 2726 Murbacensi
1326 2677 1464 2739 quod
1501 2678 1582 2726 uel
1618 2678 1672 2738 in
1708 2678 1791 2748 uei

111 2780 160 2814 m
195 2774 363 2829 posset
400 2764 530 2829 legi;
577 2781 741 2828 neque
782 2763 835 2814 id
870 2773 1003 2814 recte
1039 2781 1070 2814 a
1113 2766 1363 2815 Rhenano
1401 2764 1641 2816 omissum
1683 2765 1789 2817 siue

110 2853 275 2904 uerius
297 2863 600 2918 expunctum
626 2863 714 2903 est.

178 2960 225 3005 4.
266 2941 387 2994 Loci
406 2944 487 2993 uel
513 2942 760 2993 uocabula
783 2958 996 3006 quorum
1021 2941 1327 3007 deprauatiO‚
1349 2942 1475 2994 sicut
1500 2953 1631 2995 extat
1655 2944 1705 2995 in
1726 2948 1787 3006 A,

114 3030 373 3082 manifeste
405 3030 531 3082 redit
554 3032 621 3082 ad
653 3030 880 3082 codicem
911 3030 997 3096 qui
1034 3047 1122 3096 per
1156 3041 1453 3083 uetustatem
1480 3033 1787 3096 obscuratuS‚

907 3120 981 3159 xix
1519 3122 1585 3171 b*
