2014 3444
785 243 1327 292 PROLEGOMENA
1353 286 1357 288 .

221 404 280 435 ex
305 388 402 435 hoc
434 403 535 435 uno
564 387 846 448 praelucere
878 383 1090 432 maxime
1122 384 1273 431 fidem
1309 382 1642 442 Amerbachii,
1669 383 1891 446 derogari

223 474 485 523 Rhenani:
545 473 627 522 hic
674 475 889 521 fucatam
939 481 1236 520 uetustatem
1287 470 1549 530 simulauit,
1593 470 1677 519 ille
1721 488 1890 519 ueram

219 562 616 626 repraesentauit.

291 654 428 700 Inter
469 649 845 713 orthographiae
882 650 1108 711 exempla
1144 649 1268 696 haec
1305 664 1474 710 pono:
1528 654 1680 706 artus,
1725 653 1893 694 artare

220 740 401 803 septies
426 739 646 788 Velleius
672 737 927 801 usurpauit
945 755 958 797 ,-
993 736 1070 785 bis
1090 745 1283 785 tantum
1300 735 1530 798 sequiore·
1543 734 1892 798 orthographia

221 831 268 877 A
292 835 480 877 arctata
513 828 558 876 ii.
602 846 660 876 10
693 829 792 887 fin.,
837 827 1116 874 arctissimis
1153 825 1182 873 i.
1228 840 1300 887 17.
1346 842 1391 884 4,
1427 812 1689 887 quinquies
1721 841 1809 886 per
1845 830 1897 871 rt

220 918 381 965 artati
408 916 436 965 i.
477 919 548 965 16.
590 934 632 976 2,
663 915 710 964 ii.
745 918 821 963 86.
865 933 904 974 1,
943 906 1161 962 artatum
1202 913 1231 962 i.
1278 916 1336 961 16
1369 915 1469 973 fin.,
1505 914 1802 960 artissimam
1841 911 1888 960 ii.

226 1023 332 1054 100.
361 1023 406 1066 4,
434 1013 543 1054 arto
565 1005 612 1053 ii.
638 1022 744 1065 124.
779 1023 817 1052 1.
893 1007 960 1052 At
989 1003 1192 1052 ineunte
1229 1019 1353 1051 saec.
1386 1002 1465 1050 xvi
1494 1001 1774 1064 sequiorem
1798 1002 1891 1049 for-

221 1111 355 1143 mam
374 1112 461 1157 per
484 1101 559 1143 rct
573 1094 824 1142 malebant
848 1113 857 1142 :
895 1093 1127 1141 nimirum
1146 1109 1248 1141 non
1268 1093 1446 1140 horum
1470 1091 1618 1139 futtili
1637 1089 1891 1139 doctrinae

220 1182 582 1231 Amerbachius
631 1180 1007 1244 obtemperauit,
1053 1181 1142 1229 sed
1197 1179 1423 1228 codicem
1477 1197 1622 1228 suum
1669 1196 1787 1227 uera
1833 1195 1891 1226 ac

219 1280 388 1320 uetera
412 1280 692 1320 seruantem
718 1279 915 1319 secutus
941 1278 1026 1318 est.

287 1362 482 1408 uocauit
501 1377 590 1423 pro
616 1361 816 1408 uacauit
838 1358 929 1424 (sic
959 1367 1090 1406 certe
1126 1359 1286 1420 legere
1316 1355 1438 1404 mihi
1467 1355 1602 1405 uisus
1629 1353 1759 1420 sum)
1787 1358 1834 1403 A
1857 1354 1886 1403 i.

225 1463 296 1512 15.
324 1467 343 1497 1
366 1467 380 1510 3
417 1458 680 1512 potestque
705 1448 757 1497 id
789 1465 962 1496 uerum
996 1463 1117 1506 esse,
1150 1462 1454 1508 quamquam
1487 1443 1660 1493 ceteris
1685 1443 1736 1492 in
1768 1443 1890 1492 l'ocis

218 1537 486 1586 Velleianis
511 1554 598 1600 per
621 1554 651 1584 a
677 1538 861 1585 elatum
887 1544 988 1584 est:
1026 1533 1243 1583 ostendit
1270 1536 1455 1582 Munro
1474 1534 1539 1582 ad
1564 1535 1706 1581 Lucr.
1734 1531 1763 1580 i.
1794 1546 1891 1595 520

217 1642 386 1674 uocare
400 1625 689 1688 antiquioris
710 1642 817 1674 esse
836 1623 1103 1683 latinitatis,
1126 1639 1298 1670 uacare
1317 1621 1523 1682 serioris,
1546 1639 1639 1670 nec
1659 1621 1753 1670 nisi
1776 1629 1890 1684 post

220 1714 495 1763 Domitiani
527 1723 739 1762 aetatem
763 1713 815 1761 in
842 1711 1254 1774 Inscriptionibus
1278 1710 1551 1774 prouenire.
1627 1712 1687 1758 In
1715 1709 1887 1758 Manil.

215 1802 244 1851 i.
281 1821 338 1866 13
366 1809 511 1851 uacat
532 1801 923 1861 Gemblacensis,
951 1807 1090 1849 uocat
1117 1799 1293 1863 reliqui
1326 1799 1525 1848 codices
1552 1798 1738 1847 Iacobi.
1814 1801 1889 1846 Ex

217 1891 566 1940 Ribbeckiana
601 1892 677 1940 ed.
717 1889 902 1953 Vergili
943 1889 1175 1952 intellego
1214 1890 1272 1938 G.
1312 1888 1376 1937 iii.
1428 1903 1524 1950 477
1569 1888 1789 1936 uacantis
1825 1889 1887 1946 R,

217 1981 431 2028 uocantis
457 1982 556 2028 MP
586 1980 783 2039 habere,
814 1987 864 2027 at
888 1977 1088 2041 reliquis
1118 1986 1351 2041 quattuor
1374 1977 1496 2026 locis
1527 1993 1711 2036 uacare,
1739 1982 1885 2036 uacet,

217 2075 362 2116 uacat
397 2067 515 2133 (bis)
557 2070 613 2116 M
654 2077 971 2128 constanter3
1028 2077 1083 2115 ut
1129 2066 1339 2116 dubium
1378 2066 1680 2129 relinquatur
1721 2064 1890 2113 Tiberi

213 2166 375 2205 aetate
411 2174 533 2205 num
569 2158 734 2205 adhuc
771 2173 798 2204 ο
834 2156 885 2204 in
925 2156 1182 2205 codicibus
1218 2157 1360 2205 MSS.
1399 2155 1494 2204 nisi
1532 2172 1633 2204 uno
1671 2156 1890 2203 alteroue

214 2245 486 2308 proueniat.
528 2245 574 2293 ii.
604 2248 675 2294 18.
699 2263 723 2292 2
752 2246 974 2293 interemi
994 2244 1190 2310 (infin),
1222 2244 1268 2292 ii.
1290 2247 1365 2308 58.
1392 2262 1416 2292 2
1439 2246 1810 2292 interemendum
1827 2245 1887 2302 A,

214 2342 387 2382 contra
427 2350 617 2382 morem
660 2350 784 2382 saec.
829 2333 920 2381 xvi.
1009 2335 1118 2381 Iam
1160 2339 1388 2396 temptare
1428 2331 1593 2380 decies
1635 2330 1890 2394 usurpauit

214 2421 434 2470 Velleius
444 2439 459 2482 3
494 2431 542 2470 et
579 2421 649 2470 sic
686 2420 866 2484 septies
901 2437 989 2483 per
1025 2427 1128 2483 mpt
1160 2420 1396 2483 scriptum
1433 2420 1484 2467 in
1520 2422 1567 2468 A
1602 2419 1800 2468 inueni:
1838 2418 1884 2467 ii.

219 2524 294 2572 54.
329 2528 349 2557 1
381 2516 662 2569 temtassent,
689 2509 736 2557 ii.
765 2526 842 2572 49.
879 2527 906 2572 3
942 2510 1126 2557 tentari
1156 2526 1294 2569 corr.,
1333 2510 1422 2558 sed
1458 2511 1688 2571 temptari
1706 2525 1768 2556 m.
1797 2525 1885 2571 pr.‚

214 2597 261 2646 ii.
288 2601 393 2646 106.
431 2616 455 2645 2
484 2605 732 2646 tentatum.
808 2600 985 2660 Itaque
1010 2614 1205 2660 semper
1223 2599 1323 2646 fere
1342 2596 1504 2646 codici
1521 2597 1787 2645 obsecutus
1814 2605 1887 2644 est

215 2689 345 2747 Am.,
373 2705 476 2736 non
502 2689 700 2736 saeculo
726 2704 830 2747 suo,
852 2703 951 2750 qua
974 2686 1073 2735 iam
1099 2694 1282 2735 tentare
1304 2686 1568 2735 malebant.
1631 2689 1889 2735 Praeterea

212 2774 259 2823 ii.
294 2793 399 2835 114.
429 2793 461 2836 4
496 2793 586 2839 pro
625 2777 840 2838 reliquiis
875 2778 922 2823 A
957 2777 1042 2824 dat
1079 2777 1289 2838 reliquis,
1322 2775 1467 2824 solito
1504 2792 1641 2824 more
1676 2774 1886 2837 antiqui-

214 2863 361 2924 tatis3
408 2866 471 2913 de
519 2881 618 2927 qua
663 2882 715 2913 re
762 2864 989 2913 dixerunt
1027 2867 1374 2913 Mommsenus
1412 2865 1477 2912 ad
1521 2866 1660 2912 Mon.
1702 2866 1881 2926 Ancyr.

212 2968 252 3000 c.
280 2951 344 3012 iii,
374 2952 682 3002 Ribbeckius
706 2953 757 3001 in
784 2955 1057 3016 Prolegom.
1085 2952 1269 3016 Vergili
1292 2952 1352 3001 iv.

283 3042 511 3089 Poteram
537 3043 677 3103 plura
699 3043 902 3101 adferre,
931 3043 1019 3090 sed
1043 3043 1167 3090 haec
1191 3043 1255 3090 ad
1279 3040 1588 3104 propositum
1613 3041 1728 3090 satis
1754 3050 1881 3090 sunt.

1003 3129 1091 3167 xxii

2000 502 2014 707 i
