2014 3392
741 213 998 260 VELLEI
1038 213 1437 262 PATERCVLI

211 370 233 408 3
256 350 483 401 inditum.
570 360 624 400 ut
664 353 814 415 paulo
854 360 970 401 ante
1012 351 1263 401 Domitiae
1304 352 1531 412 familiae,
1571 351 1639 401 ita
1677 353 1921 403 Caeciliae

257 434 479 482 notanda
502 432 742 502 claritudo
767 442 853 482 est.
926 432 1111 496 quippe
1142 432 1269 482 intra
1292 449 1369 481 ΧΗ
1399 435 1552 496 ferme
1580 450 1739 483 annos
1774 434 1920 483 huius

256 513 491 577 temporis
538 515 768 563 consules
814 515 950 562 fuere
987 513 1179 562 Metelli
1225 523 1309 563 aut
1356 531 1584 563 censores
1631 524 1716 563 aut
1756 515 1922 563 trium-

254 596 468 658 pharunt
509 595 720 658 amplius
756 594 1076 654 duodeciens,
1114 604 1168 643 ut
1205 604 1450 658 appareat,
1494 596 1921 658 quemadmodum

254 674 451 724 urbium
476 675 908 739 imperiorumque,
935 674 1004 724 ita
1034 674 1254 738 gentium
1284 692 1419 726 nunc
1453 677 1627 725 florere
1655 677 1917 735 fortunam,
1945 694 1966 732 5

254 773 389 805 nunc
413 773 682 816 senescere,
709 773 844 805 nunc
867 755 1075 805 interire.

172 852 231 903 v12
319 841 388 887 At
413 839 468 888 C.
500 837 687 886 Marius
714 840 767 886 L.
797 839 982 887 Sullam
1006 837 1105 886 iarn
1134 847 1253 886 tunc
1285 847 1339 886 ut
1370 838 1780 901 praecauentibus
1808 838 1918 888 fatis

251 920 539 982 copulatum
568 918 662 968 sibi
697 928 1010 982 quaestorem
1046 918 1219 967 habuit
1255 928 1304 968 et
1338 935 1425 982 per
1460 936 1575 968 eum
1611 919 1819 968 missum
1853 922 1918 969 ad

249 1016 413 1063 regem
440 1001 699 1048 Bocchum
725 1001 963 1063 Iugurtha
986 1016 1098 1062 rege
1122 999 1306 1048 abhinc
1323 1017 1482 1049 annos
1500 1002 1653 1050 ferme
1672 1016 1914 1050 cxxxvm

247 1080 433 1143 potitus
458 1090 531 1129 est
548 1099 562 1142 3
597 1080 981 1144 designatusque
1004 1080 1182 1129 iterum
1206 1082 1381 1130 consul
1409 1080 1461 1129 in
1490 1081 1664 1130 urbem
1692 1099 1916 1131 reuersus
1944 1098 1992 1128 10

247 1161 454 1211 secundi
490 1164 775 1211 consulatus
810 1161 952 1211 initio
990 1163 1102 1210 Kal.
1142 1161 1382 1210 Ianuariis
1419 1179 1535 1211 eum
1576 1162 1627 1211 in
1663 1163 1915 1227 triumpho

202 1269 222 1295 2
247 1242 397 1292 duxit.
488 1244 655 1303 effusa,
700 1252 754 1291 ut
794 1242 1140 1306 praediximus,
1183 1242 1396 1292 inmanis
1437 1243 1513 1292 uis
1556 1245 1914 1294 Germanarum

245 1323 480 1386 gentium,
530 1324 711 1388 quibus
758 1341 945 1374 nomen
987 1323 1202 1374 Cimbris
1249 1341 1308 1373 ac
1349 1324 1591 1374 Teutonis
1638 1336 1754 1387 erat,
1798 1344 1914 1376 cum

246 1404 553 1467 Caepionem
592 1404 940 1468 Manliumque
975 1406 1204 1454 consules
1241 1415 1290 1454 et
1324 1414 1440 1454 ante
1476 1406 1760 1456 Carbonem
1797 1407 1914 1457 Sila-

243 1503 465 1549 numque
516 1485 760 1535 fudissent
813 1488 1164 1549 fugassentque
1222 1485 1273 1534 in
1329 1486 1502 1536 Galliis
1560 1496 1609 1536 et
1664 1488 1911 1539 exuissent
1938 1500 2014 1555 ¹5}

243 1567 470 1627 exercitu,
510 1569 849 1631 Scaurumque
887 1566 1144 1616 Aurelium
1182 1569 1493 1617 consularem
1535 1577 1584 1617 et
1623 1569 1747 1619 alios
1788 1572 1911 1620 cele-

241 1647 439 1697 berrimi
473 1648 690 1698 nominis
726 1648 857 1698 uiros
893 1648 1233 1708 trucidassent,
1263 1650 1477 1712 populus
1511 1651 1771 1700 Romanus
1806 1669 1909 1701 non

238 1728 391 1778 alium
432 1730 728 1793 repellendis
769 1730 917 1779 tantis
955 1730 1181 1779 hostibus
1223 1730 1378 1793 magis
1418 1729 1658 1780 idoneum
1704 1731 1909 1795 impera-

238 1819 397 1860 torem
423 1827 572 1874 quam
599 1811 815 1860 Marium
840 1820 914 1860 est
937 1820 1082 1860 ratus.
1155 1821 1260 1860 turn
1287 1810 1597 1874 multiplicati
1621 1815 1905 1863 consulatus

190 1917 212 1954 3
237 1891 356 1941 eius.
429 1892 599 1942 tertius
623 1893 675 1941 in
707 1902 944 1956 apparatu
976 1892 1094 1942 belli
1125 1901 1450 1955 consumptus
1467 1910 1482 1953 ,·
1517 1908 1618 1956 quo
1650 1911 1784 1943 anno
1810 1896 1901 1945 Cn.
1931 1913 1983 1940 20

239 1973 489 2023 Domitius
514 1974 739 2024 tribunus
764 1976 827 2038 pl.
856 1977 1016 2038 legem
1048 1974 1172 2035 tulit,
1199 1983 1253 2023 ut
1282 1975 1577 2034 sacerdotes,
1604 1991 1731 2038 quos
1759 1985 1905 2026 antea
2006 1975 2014 2038 l}

187 2079 211 2115 4
235 2057 454 2118 collegae
490 2055 812 2116 sufficiebant,
855 2057 1070 2119 populus
1112 2064 1308 2105 crearet.
1381 2065 1557 2119 quarto
1592 2065 1725 2106 trans
1761 2057 1902 2121 Alpis
2006 2043 2014 2074 ⁴¹

235 2135 364 2185 circa
409 2139 580 2200 Aquas
628 2136 815 2186 Sextias
857 2153 972 2185 cum
1014 2136 1256 2186 Teutonis
1303 2137 1536 2197 conflixit,
1580 2137 1792 2200 amplius
1838 2153 1902 2187 eL

235 2217 616 2274 milia-hostium
640 2217 800 2280 priore
824 2235 883 2266 ac
906 2227 1105 2281 postero
1135 2217 1216 2267 die
1244 2218 1308 2266 ab
1338 2235 1399 2267 eo
1423 2217 1653 2267 trucidati
1680 2235 1900 2283 gensque

185 2318 207 2355 5
233 2298 394 2347 excisa
434 2301 734 2348 Teutonum.
821 2299 996 2362 quinto
1037 2299 1157 2348 citra
1197 2298 1338 2363 Alpis
1378 2298 1430 2347 in
1471 2299 1674 2362 campis,
1712 2299 1899 2363 ,quibus

233 2396 417 2428 nomen
443 2389 544 2428 erat
581 2379 804 2440 Raudiis,
830 2379 937 2443 ipse
972 2382 1147 2429 consul
1183 2390 1232 2429 et
1266 2382 1532 2444 proconsul
1570 2382 1631 2442 Q.
1672 2380 1897 2430 Lutatius

231 2462 438 2511 Catulus
463 2461 850 2511 fortunatissimo
875 2463 1190 2511 decertauere
1214 2461 1402 2525 proelio
1420 2480 1434 2522 3
1468 2478 1612 2510 caesa
1639 2471 1724 2510 aut
1753 2472 1897 2526 capta

290 2605 307 2631 1
340 2592 526 2631 Ceciliae
546 2591 635 2630 ΑΡ
785 2604 811 2640 4
840 2593 1070 2632 duodecies
1090 2593 1344 2631 Burmann:
1373 2604 1450 2632 x11.
1473 2591 1516 2629 A
1538 2606 1548 2631 :
1574 2586 1652 2632 x—u.
1673 2593 1718 2631 P
1868 2607 1895 2642 9

229 2658 413 2685 cxxxnn
428 2646 571 2684 Aldus
718 2658 770 2685 10
795 2652 866 2688 ,est
870 2651 966 2698 post
984 2660 1183 2686 reuersus
1202 2645 1245 2684 A
1394 2659 1442 2685 12
1463 2645 1776 2686 Germanorum
1791 2647 1892 2695 ΑΡ,

228 2714 306 2740 em.
326 2700 533 2740 Ruhnken
661 2713 709 2750 14
731 2700 1006 2751 Silanumque
1025 2701 1068 2739 A
1089 2715 1100 2740 :
1131 2701 1434 2752 Syllanumque
1455 2701 1498 2739 P
1621 2714 1669 2751 15
1691 2701 1826 2741 Gallis
1845 2702 1889 2740 A

229 2768 283 2793 ex
312 2755 517 2794 emissent
545 2761 746 2806 suprascr.
776 2756 1000 2794 exuissent
1026 2755 1069 2793 A
1242 2758 1291 2794 16
1320 2756 1534 2795 exercitus
1564 2769 1822 2806 caurumque
1845 2757 1888 2794 A

229 2809 496 2848 consularem
515 2809 684 2848 Aldus:
714 2810 838 2849 COS.
859 2809 950 2847 ΑΡ
1113 2810 1163 2848 18
1191 2810 1424 2860 repellendi
1453 2811 1606 2849 stantis
1625 2810 1668 2848 A
1840 2823 1890 2860 19

226 2864 363 2903 marin
391 2864 566 2903 marium
587 2863 631 2902 A
665 2865 752 2917 (sic)
919 2877 973 2903 20
997 2869 1068 2906 ,est
1087 2869 1186 2916 post
1210 2870 1485 2914 consumptus
1513 2864 1556 2902 A
1709 2876 1761 2902 22
1790 2877 1888 2903 con-

225 2931 348 2980 legae
366 2931 457 2969 AP
564 2945 617 2970 22
636 2937 674 2971 et
691 2943 743 2982 25
771 2932 892 2982 Alpis
911 2931 954 2970 A
975 2946 985 2971 :
1013 2932 1166 2982 Alpeis
1184 2933 1227 2971 P
1344 2945 1395 2982 23
1409 2926 1466 2971 ΕΞ
1483 2932 1573 2971 AP
1679 2945 1732 2981 24
1763 2933 1887 2972 truci-

226 2986 314 3024 dati
333 2985 482 3024 Kritz:
511 2987 733 3026 trucidatis
751 2986 865 3025 AP:
895 2986 1104 3026 trucidata
1122 2987 1328 3026 Ruhnken
1465 2988 1520 3025 26
1548 2991 1640 3025 erat
1659 2987 1801 3026 raudis
1822 2993 1887 3026 est

224 3053 268 3091 A
289 3067 299 3091 ε
315 3053 418 3103 fort.
438 3055 616 3094 Raudiis
637 3061 703 3094 est
797 3056 909 3095 COS
930 3061 974 3095 et
993 3048 1234 3106 procosque
1254 3054 1298 3092 A
1410 3055 1484 3094 sed
1498 3055 1550 3104 Q.
1573 3059 1632 3094 est
1650 3055 1693 3093 in
1711 3054 1756 3093 P

1025 3145 1078 3184 30
