2014 3392
819 280 1037 329 LIBER
1071 280 1128 329 II

148 406 333 471 (neque
369 406 594 454 hercules
617 402 892 468 quidquam
923 401 1144 466 partibus
1168 401 1263 452 illis
1298 402 1540 452 salubrius
1563 400 1691 468 fuit),
1716 399 1815 462 alii,

147 497 203 537 ut
239 487 426 536 bellum
463 487 689 546 traheret,
714 486 854 549 quod
890 483 1179 548 dignatione
1214 483 1428 547 partium
1465 483 1517 532 in
1554 483 1661 534 dies
1696 482 1815 547 ipsis

35 618 47 637 ‚
147 567 303 632 magis
325 583 616 631 prosperum
640 567 792 626 fieret,
811 582 931 615 usus
954 564 1143 629 impetu
1168 581 1260 615 suo
1283 566 1479 615 hostem
1504 574 1702 614 secutus
1726 573 1813 614 est.

68 664 70 666 ·
146 649 306 700 aciem
330 647 663 698 Pharsalicam
686 657 736 697 et
766 647 907 696 illum
938 645 1337 696 cruentissimum
1367 648 1601 696 Romano
1625 644 1818 695 nomini
1841 659 1865 700 3

39 729 44 786 ζ
100 748 125 789 5
147 730 282 781 diem
306 740 600 794 tantumque
631 728 886 792 utriusque
917 727 1157 778 exercitus
1187 729 1445 791 profusum
1483 725 1734 791 sanguinis
1770 735 1819 776 et

40 849 42 858 r
67 822 71 826 ’
147 811 320 862 collisa
345 810 473 860 inter
503 827 558 860 se
580 811 684 860 duo
707 809 777 859 rei
799 808 1030 873 publicae
1052 807 1217 872 capita
1246 810 1583 872 effossumque
1610 809 1818 857 alterum

150 892 369 944 Romani
398 891 574 956 imperi
597 893 782 951 lumen,
808 900 881 940 tot
913 889 1123 955 talisque
1159 889 1575 954 Pompeianarum
1606 888 1819 953 partium

148 990 320 1025 caesos
357 973 490 1024 uiros
526 989 631 1023 non
667 972 841 1036 recipit
877 973 1155 1024 enarranda.
1190 971 1273 1021 hic
1313 971 1581 1035 scripturae
1621 971 1816 1020 modus.

147 1055 272 1106 illud
294 1056 573 1105 notandum
605 1063 709 1104 est:
745 1063 800 1103 ut
822 1053 1038 1118 primum
1071 1054 1128 1104 C.
1157 1054 1340 1104 Caesar
1370 1051 1657 1102 inclinatam
1695 1050 1821 1101 uidit
1842 1069 1870 1108 4

69 1159 80 1177 ο
98 1153 128 1184 ο
147 1123 567 1202 Pompeianorum
585 1135 759 1196 aciem,
776 1152 940 1200 neque
954 1134 1088 1199 prius
1102 1151 1267 1199 neque
1280 1133 1531 1198 antiquius
1546 1132 1821 1197 quidquam

148 1218 338 1279 habuit,
386 1235 538 1283 quam
584 1224 644 1266 ut
684 1216 948 1267 incolumis
998 1215 1164 1281 partis,
1213 1225 1268 1265 ut
1314 1214 1510 1264 militari
1555 1214 1712 1264 uerbo
1762 1230 1823 1263 ex

149 1300 512 1352 consuetudine
550 1310 672 1361 utar,
712 1299 993 1350 dimitteret.
1079 1315 1171 1363 pro
1217 1297 1288 1348 dii
1334 1297 1633 1359 inmortaleS,
1683 1297 1823 1362 quod
1844 1311 1867 1352 5

148 1383 297 1435 huius
333 1382 603 1434 uoluntatis
640 1398 755 1446 erga
792 1384 1001 1431 Brutum
1042 1398 1161 1431 suae
1200 1386 1375 1445 postea
1420 1379 1495 1429 uir
1540 1389 1643 1429 tam
1689 1378 1822 1429 mitis

148 1465 362 1531 pretium
386 1464 526 1515 tulit!
562 1463 685 1513 nihil
708 1465 761 1513 in
780 1462 864 1512 illa
880 1462 1088 1512 uictoria
1104 1461 1389 1522 mirabilius,
1411 1460 1820 1525 magnificentius,
1845 1468 1871 1511 6

102 1565 127 1607 5
150 1548 328 1600 clarius
364 1547 471 1608 fuit,
510 1563 661 1611 quam
699 1547 839 1610 quod
875 1544 1129 1595 neminem
1175 1544 1270 1594 nisi
1315 1543 1422 1594 acie
1468 1548 1823 1608 consumptum

150 1629 313 1680 ciuem
337 1628 495 1693 patria
516 1626 846 1678 desiderauit:
882 1627 973 1676 sed
1004 1643 1186 1676 munus
1218 1624 1583 1676 misericordiae
1606 1623 1824 1688 corrupit

148 1712 432 1779 pertinacia,
457 1728 573 1762 cum
598 1709 832 1760 libentius
856 1709 1011 1760 uitam
1042 1709 1203 1760 uictor
1225 1708 1324 1759 iam
1349 1710 1501 1770 daret,
1528 1725 1680 1773 quam
1703 1707 1825 1758 uicti

148 1796 443 1862 acciperent.

36 1949 39 1956 Ι
218 1878 489 1944 Pompeius
522 1878 807 1944 profugiens
842 1894 958 1928 cum
994 1877 1193 1928 duobus
1230 1875 1453 1927 Leutulis
1482 1875 1824 1926 consularibus
1846 1888 1915 1939 53

37 2025 39 2029 y
77 1976 132 2008 ao
153 1962 404 2026 Sextoque
427 1960 530 2011 filio
554 1970 604 2011 et
629 1959 855 2010 Fauonio
878 1958 1139 2023 praetoriO,
1166 1975 1294 2023 quos
1326 1957 1534 2008 comites
1558 1957 1605 2007 ei
1627 1959 1826 2007 fortuna

149 2045 515 2109 adgregauerat,
550 2041 674 2103 aliis,
716 2051 772 2091 ut
818 2042 1041 2102 ParthOS,
1082 2039 1205 2101 aliis,
1253 2049 1309 2090 ut
1354 2038 1574 2088 Africam
1619 2048 1822 2103 peteret,

211 2187 230 2216 1
263 2174 378 2215 illius
393 2173 621 2214 Burmann
750 2185 777 2212 2
805 2172 920 2223 quod
933 2169 1168 2222 dignationi
1183 2169 1369 2221 partium
1390 2167 1574 2220 (partem
1588 2167 1647 2219 B)
1666 2168 1711 2208 in
1731 2169 1825 2209 dies

151 2230 215 2283 (in
235 2230 308 2271 die
327 2229 385 2279 Β)
407 2229 525 2280 ipsus
547 2230 662 2282 (corr.
691 2241 744 2267 ex
765 2227 872 2279 ipsis
890 2226 950 2278 A,
974 2226 1079 2277 ipsis
1097 2224 1151 2274 Ρ,
1181 2225 1303 2276 ipsiis
1322 2223 1381 2276 B)
1402 2224 1540 2274 magis
1569 2236 1825 2275 prosperum

153 2285 279 2327 fleret
297 2282 451 2326 ABP:
494 2286 591 2335 ‘ego
617 2281 836 2335 legendum
864 2281 945 2333 ipsi
967 2285 1086 2333 puto,
1117 2284 1165 2319 ut
1189 2279 1250 2319 ad
1271 2278 1421 2330 Pomp.
1449 2277 1665 2329 reseratur’
1690 2279 1830 2318 Burer

152 2340 281 2393 mago
305 2338 433 2379 edunt
459 2351 499 2389 q.
532 2338 780 2389 dignatione
809 2336 991 2388 partium
1020 2335 1064 2375 in
1094 2335 1187 2375 dies
1216 2334 1322 2386 ipsis
1350 2347 1402 2373 m.
1432 2346 1496 2385 pr.
1521 2333 1655 2374 fieret.
1716 2333 1823 2374 Son·-

150 2394 330 2435 bendum
354 2394 540 2445 suspabor
560 2393 779 2445 ipsiusque
809 2392 875 2431 uel
910 2391 1089 2442 ipsique,
1126 2389 1217 2430 dein
1243 2395 1322 2442 pro
1354 2388 1477 2428 fieret
1507 2388 1555 2427 id
1582 2387 1696 2439 quod
1723 2389 1823 2430 coni.
1867 2431 1870 2436 ,

154 2449 329 2492 audias
347 2448 460 2490 soret
595 2461 621 2497 4
653 2447 850 2487 Romano
869 2446 934 2486 P:
964 2445 1148 2485 Romani
1168 2443 1252 2485 BA
1274 2458 1285 2484 ε
1315 2442 1498 2483 Romani
1521 2442 1704 2483 nominis
1720 2444 1820 2483 coni.

75 2501 77 2508 ’
151 2504 291 2546 Bam
459 2504 489 2543 6
515 2501 675 2543 conlisa
715 2501 930 2543 Gelenius:
977 2500 1155 2541 consilio
1191 2497 1283 2538 ΑΡ
1456 2510 1478 2548 7
1509 2497 1700 2549 talesque
1737 2497 1830 2538 ΑΡ

148 2559 178 2600 8
206 2558 372 2611 recepit
389 2570 446 2598 an
466 2557 618 2609 recipit
635 2556 679 2596 A
702 2556 842 2596 dubito
934 2555 1176 2597 enarranda
1194 2553 1262 2595 P:
1290 2553 1555 2594 enarrandae
1574 2552 1634 2602 A,
1643 2553 1825 2603 fortasse

151 2619 246 2655 nde
413 2625 457 2652 ιι
491 2618 538 2653 ut
565 2611 660 2652 add.
693 2611 881 2652 Gelenius
990 2610 1215 2651 incolumis
1244 2609 1378 2660 partis
1396 2607 1566 2659 scripsi:
1599 2607 1643 2647 in
1670 2620 1823 2648 omnes

152 2667 287 2722 (meis
303 2667 361 2719 P)
397 2673 544 2719 partes
570 2665 672 2717 ΑΡ,
702 2678 784 2718 quo
814 2669 976 2706 senaato
1002 2665 1126 2706 Kn‘tn
1156 2663 1359 2716 suppleuit
1387 2675 1438 2702 ex
1460 2661 1574 2703 Suet.
1609 2662 1721 2703 Caes.
1755 2673 1821 2714 75,

148 2722 263 2775 App.
297 2722 338 2763 ii.
368 2724 438 2774 80,
469 2722 582 2763 nor.
608 2721 662 2761 iv.
683 2734 721 2761 ο.
748 2731 805 2771 so
840 2721 913 2771 qui
947 2720 1260 2772 proclamarent
1298 2724 1344 2758 ut
1374 2717 1543 2758 ciuibus
1574 2723 1824 2768 parceretur

149 2779 284 2819 uerbo
303 2777 347 2817 A
367 2791 378 2818 ε
406 2784 452 2818 et
472 2777 605 2818 uerbo
624 2774 668 2815 P
773 2788 829 2816 ex
848 2775 907 2815 Li
929 2775 1045 2816 sa‘usz
1075 2780 1120 2816 et
1137 2772 1229 2813 ΑΡ
1394 2783 1443 2811 xa
1467 2776 1561 2823 pose
1586 2772 1822 2814 dimitteret

149 2832 248 2876 add.
267 2833 572 2874 caduceatores
597 2830 790 2871 Wilhelm
912 2830 989 2870 roh
1008 2829 1052 2869 A
1154 2829 1267 2869 imm.
1286 2826 1379 2868 ΑΡ
1473 2838 1522 2877 13
1550 2839 1656 2867 suae
1672 2840 1755 2869 om.
1773 2826 1817 2867 A

266 2900 361 2928 eam
376 2886 567 2937 ΛΕΜ.
587 2886 819 2926 Rhenanus
909 2896 958 2936 14
979 2884 1168 2937 precium
1184 2883 1226 2922 A
1305 2883 1347 2923 in
1370 2881 1441 2922 illa
1460 2911 1470 2923 .
1496 2912 1507 2923 .
1529 2911 1538 2921 .
1560 2895 1686 2933 quam
1704 2882 1819 2933 quod

149 2941 322 2984 Haase:
363 2941 436 2983 illa
453 2972 464 2983 .
488 2973 498 2984 .
522 2972 532 2982 .
551 2941 727 2993 quando
754 2938 846 2980 ΑΡ
1009 2940 1059 2979 16
1085 2938 1317 2989 corrumpit
1344 2934 1446 2985 ΑΡ,
1474 2949 1552 2978 em.
1587 2937 1821 2977 Rhenanus

153 3021 202 3062 η
230 3010 459 3063 pertinatia
477 3009 520 3048 A
684 3008 772 3048 uita
793 3008 909 3059 (corr.
932 3007 976 3048 ἐκ
996 3007 1145 3056 uitam)
1168 3005 1348 3047 uictoria
1364 2998 1489 3047 ὀοεῖᾶ
1509 3006 1613 3047 dare
1630 3004 1674 3045 A
1698 3005 1788 3059 (sic)
1807 3019 1818 3046 z

149 3065 370 3107 uictoriam
390 3065 493 3106 dare
512 3062 580 3105 1²:
608 3063 740 3105 uitam
759 3062 897 3104 uictor
914 3062 997 3103 iam
1020 3063 1145 3104 daret
1163 3061 1301 3103 Bam

956 3193 1001 3238 71
