2014 3444
787 211 1329 261 PROLEGOMENA

395 352 521 415 Epla
545 353 719 400 Eman.
749 354 878 401 Port.
908 351 1058 415 Regis

462 439 593 490 Iulia
611 439 673 506 (P)
702 439 986 490 Maresidii¹
1007 439 1069 506 (Ρ)
1095 439 1463 489 communicaui

526 536 542 576 i
566 528 647 577 die
671 528 879 578 Antonii
902 537 957 578 a0
987 531 1113 592 1558

526 625 589 666 cu
615 618 854 680 Catalogo
879 617 1115 666 librorum
1142 615 1334 666 Erasmi

694 704 936 754 Reddidit

291 791 393 840 Hic
434 793 711 841 notandum
750 801 823 841 est
870 793 1007 855 quod
1054 792 1118 840 ab
1164 792 1450 855 apographo
1488 789 1888 839 Amerbachiano

219 879 360 929 abest
395 881 723 943 fragmentum
758 879 892 943 prius
928 879 1038 928 libri
1064 882 1103 939 Ι,
1131 880 1177 928 h.
1197 896 1237 928 e.
1277 878 1491 941 capitula
1526 886 1640 927 octo
1677 894 1804 940 quae
1837 876 1887 925 in

221 969 297 1017 ed.
327 971 402 1017 Pr.
430 968 674 1017 Velleiani
710 968 870 1031 operis
906 967 1101 1017 initium
1134 967 1320 1016 faciunt
1348 984 1377 1015 a
1405 965 1569 1015 uerbis
1601 968 1889 1029 Tempestate

219 1057 477 1104 dzktractus
522 1073 680 1119 usque
726 1057 792 1105 ad
838 1056 991 1105 uerba
1030 1058 1226 1119 Raptus
1271 1056 1518 1118 uirginum
1571 1055 1883 1104 Sabinarum.

220 1144 386 1194 Credo
404 1160 538 1192 anno
560 1158 614 1207 15
627 1146 685 1192 16
702 1145 928 1192 nondum
947 1143 1207 1192 inuentum
1226 1142 1375 1192 fuisse
1399 1144 1728 1205 fragmentum
1747 1141 1883 1201 illud,

218 1233 299 1280 uel
335 1231 698 1281 dubitationem
737 1231 954 1280 mouisse
995 1248 1059 1280 an
1096 1230 1340 1280 Velleiani
1378 1230 1538 1294 operis
1579 1247 1691 1294 pars
1727 1239 1887 1290 esset;

217 1319 335 1368 hinc
367 1319 701 1369 Amerbachio
730 1337 832 1368 non
864 1319 916 1368 in
948 1337 1123 1368 manus
1156 1319 1353 1368 uenisse
1378 1336 1493 1367 cum
1525 1318 1714 1382 reliquo
1752 1321 1887 1367 Mur-

217 1408 420 1457 bacensi
444 1407 649 1469 codice,
683 1416 733 1457 at
763 1409 1011 1457 Rhenano
1046 1425 1204 1457 annos
1240 1417 1353 1471 post
1382 1416 1613 1470 quattuor
1636 1405 1883 1455 Velleium

216 1496 384 1545 edenti
420 1495 707 1559 suppetisse.
782 1498 914 1545 Nam
949 1496 1123 1544 abesse
1158 1496 1222 1544 ab
1252 1494 1571 1544 Amerbachii
1599 1495 1884 1558 apographo

213 1584 331 1634 folia
354 1584 542 1648 aliquot
568 1583 824 1647 deperdita
859 1584 981 1632 nihil
1006 1593 1079 1633 est
1112 1585 1249 1647 quod
1284 1583 1498 1632 indicet:
1536 1584 1624 1632 sed
1648 1600 1678 1631 a
1701 1582 1883 1646 quibus

213 1672 377 1722 uerbis
424 1674 745 1736 apographon
791 1672 963 1736 incipit
997 1675 1342 1735 Fragmentum
1379 1674 1542 1736 primi
1577 1673 1697 1720 libri
1742 1672 1890 1721 Vellei

210 1763 464 1812 Paterculi
494 1778 553 1810 ea
575 1760 627 1809 in
663 1778 858 1810 summa
891 1770 1029 1824 parte
1063 1761 1168 1810 folii
1193 1770 1241 1810 et
1277 1761 1480 1824 quidem
1505 1760 1624 1809 recti
1660 1760 1881 1810 studiose

210 1850 376 1914 posuit
400 1850 775 1910 Amerbachius,
802 1859 1057 1913 tamquam
1086 1850 1139 1899 id
1174 1867 1324 1914 agens
1357 1859 1411 1899 ut
1446 1849 1642 1898 initium
1670 1849 1879 1913 paginae

208 1941 390 1988 faceret
414 1941 552 2002 quod
575 1939 666 1988 fuit
694 1938 938 1988 historiae.
1012 1941 1137 1988 Sunt
1161 1938 1247 2002 qui
1270 1948 1459 2002 putent,
1482 1948 1530 1988 et
1553 1938 1606 1986 in
1629 1937 1705 1987 his
1727 1939 1881 1987 Fech-

207 2036 353 2087 terus,
375 2027 763 2076 Amerbachium
788 2044 891 2076 non
916 2026 1079 2090 ipsum
1101 2028 1498 2087 Murbacensem,
1518 2028 1606 2075 sed
1631 2028 1879 2089 exemplar

207 2115 312 2165 eius
331 2117 395 2165 ab
414 2116 511 2166 alio
530 2118 730 2177 factum,
749 2116 1066 2179 descripsisse
1085 2136 1094 2165 z
1131 2116 1248 2165 hinc
1268 2116 1451 2165 omissa
1474 2116 1556 2164 illa
1575 2125 1690 2164 octo
1715 2114 1878 2178 capita

204 2204 368 2265 fuisse,
388 2222 503 2254 cum
521 2205 585 2253 ab
605 2222 666 2254 eo
685 2204 950 2268 exemplari
964 2205 1222 2254 abfuerint.
1274 2206 1373 2254 Sed
1391 2213 1630 2267 repugnat
1646 2203 1876 2253 uniuersa

205 2293 394 2356 species
430 2293 816 2342 Amerbachiani
855 2293 1154 2356 apographi:
1209 2294 1347 2357 quod
1402 2292 1443 2341 si
1485 2309 1600 2341 cum
1641 2291 1874 2341 Rhenani

203 2382 280 2430 ed.
302 2380 524 2444 principe
543 2383 780 2442 conferas,
799 2381 970 2430 uideas
990 2381 1159 2430 omnia
1177 2381 1375 2430 rudiora
1393 2390 1441 2430 et
1460 2390 1514 2429 ut
1531 2380 1600 2428 ita
1619 2379 1783 2429 dicam
1803 2380 1873 2428 in-

203 2469 506 2532 corruptiora
529 2469 628 2518 illic
653 2479 828 2529 extare,
855 2469 1112 2518 uocabulis
1137 2469 1386 2518 interdum
1411 2486 1513 2518 non
1542 2477 1674 2517 recte
1699 2468 1870 2517 diuisis

203 2558 406 2623 (scimus
445 2567 612 2608 autem
652 2558 704 2607 in
748 2558 1068 2607 Murbacensi
1105 2576 1207 2607 non
1246 2568 1377 2607 recte
1415 2557 1575 2607 diuisa
1616 2556 1867 2622 extitisse),

200 2647 548 2710 orthographia
593 2665 762 2696 ueram
808 2647 1166 2710 antiquitatem,
1216 2664 1318 2696 non
1361 2648 1612 2695 saeculum
1654 2661 1760 2706 XVI,
1801 2663 1870 2694 re-

198 2738 398 2797 ferente,
420 2736 737 2786 distinctione
762 2738 1090 2786 clausularum
1114 2736 1300 2785 incerta
1322 2753 1380 2784 ac
1404 2737 1647 2799 perplexa,
1669 2736 1867 2798 qualem

198 2824 249 2872 in
287 2825 607 2875 Murbacensi
643 2827 917 2874 Rhenanus
954 2843 1006 2874 se
1042 2834 1246 2874 testatur
1273 2824 1535 2874 inuenisse.
1610 2827 1866 2873 Praeterea

197 2912 248 2961 in
285 2913 604 2963 Amerbachii
638 2915 923 2977 apographo
960 2923 1125 2962 tantus
1160 2931 1275 2977 grex
1310 2922 1383 2962 est
1419 2912 1664 2961 uariarum
1700 2911 1866 2961 lectio-

712 3014 726 3037 1
754 3014 963 3054 Martiam‘
976 3015 1081 3065 legit
1102 3015 1152 3055 G.
1178 3015 1348 3054 Parker.

994 3091 1066 3129 xiv
