2014 3392
801 259 1019 308 LIBER
1056 259 1111 307 11

187 399 456 450 Crescente
478 397 530 448 in
554 397 661 449 dies
684 407 735 448 et
758 399 915 448 classe
937 407 988 448 et
1010 399 1143 447 fama
1166 396 1375 462 Pompei
1400 398 1584 449 Caesar
1608 397 1791 447 molem
1813 402 1883 453 79

121 480 238 531 belli
274 480 381 531 eius
427 480 676 545 suscipere
721 479 903 530 statuit.
974 479 1298 530 aedificandis
1345 479 1558 529 nauibus
1605 489 1795 529 contra-

119 563 390 626 hendoque
430 561 574 612 militi
608 579 669 612 ac
709 561 880 626 remigi
920 561 1282 625 naualibusque
1315 562 1662 611 adsuescendo
1698 577 1796 610 cer-

120 642 390 692 taminibus
416 653 568 707 atque
604 641 1035 693 exercitationibus
1060 643 1336 706 praefectus
1360 651 1436 691 est
1461 643 1532 690 M.
1560 640 1793 705 Agrippa,

58 735 99 786 *5
121 722 315 773 uirtutis
338 723 691 784 nobilissimae,
716 724 900 784 labore,
927 722 1107 787 uigilia,
1134 722 1355 787 periculo
1386 721 1602 772 inuictus
1627 739 1797 786 paren-

120 804 288 870 dique,
318 808 408 856 sed
440 805 541 867 uni,
567 804 937 865 scientissimus,
974 804 1081 854 aliis
1117 822 1237 854 sane
1272 803 1549 869 imperandi
1585 803 1796 868 cupidus

119 897 170 938 et
215 904 304 952 per
342 887 513 938 omnia
547 897 684 937 extra
722 886 986 938 dilationes
1032 886 1223 951 positus
1270 884 1611 950 consultisque
1668 886 1798 934 facta

119 968 441 1033 coniungens.
514 968 597 1019 hic
631 968 684 1018 in
716 971 921 1019 Auerno
957 985 1017 1018 ac
1050 967 1268 1018 Lucrino
1297 969 1408 1017 lacu
1433 965 1798 1031 speciosissima
1821 985 1840 1012 2

121 1051 278 1100 classe
300 1049 537 1100 fabrimta
559 1049 822 1100 cotidianis
845 1049 1278 1100 exercitationibus
1302 1048 1510 1099 militem
1543 1047 1799 1112 remigem-

71 1154 102 1184 ο
121 1147 221 1196 que
264 1133 331 1182 ad
377 1148 625 1181 summam
672 1142 722 1182 et
767 1131 988 1181 militaris
1035 1141 1086 1182 et
1131 1130 1405 1181 maritimae
1451 1129 1521 1180 rei
1572 1129 1800 1195 perduxit

121 1211 393 1263 scientiam.
466 1214 560 1263 hac
606 1212 750 1263 classi
791 1207 989 1274 Caesar,
1031 1229 1147 1262 cum
1188 1212 1323 1277 prius
1363 1213 1711 1276 despondente
1751 1209 1798 1260 ei

123 1295 340 1355 Nerone,
366 1293 448 1344 cui
470 1305 587 1344 ante
618 1304 775 1359 nupta
804 1296 963 1344 fuerat
1001 1293 1157 1354 Liuia,
1183 1292 1449 1358 auspicatis
1473 1291 1543 1343 rei
1571 1291 1802 1356 publicae

122 1374 375 1426 ominibus
398 1375 619 1426 duxisset
641 1393 752 1426 eam
777 1393 996 1436 uxorem,
1024 1374 1268 1440 Pompeio
1292 1374 1588 1438 Siciliaeque
1613 1374 1801 1423 bellum

123 1455 300 1507 intulit.
395 1459 485 1508 sed
540 1457 702 1507 uirum
757 1458 978 1506 humana
1031 1474 1128 1521 ope
1183 1455 1427 1506 inuictum
1481 1455 1694 1520 grauiter
1739 1471 1801 1504 eo
1823 1470 1847 1510 3

73 1560 100 1602 5
123 1547 347 1602 tempore
382 1540 579 1588 fortuna
614 1537 893 1588 concussit:
935 1537 1122 1603 quippe
1156 1539 1304 1602 longe
1340 1536 1579 1587 maiorem
1611 1545 1802 1600 partem

123 1619 294 1669 classis
329 1620 459 1670 ciroe
492 1620 688 1670 Veliam
727 1619 1046 1684 Palinurique
1083 1618 1481 1684 promontorium
1516 1620 1691 1668 adorta
1726 1617 1802 1666 uis

124 1701 279 1752 Africi
314 1702 548 1753 lacerauit
582 1720 644 1753 ac
679 1701 883 1754 distulit.
956 1720 1016 1753 ea
1055 1704 1301 1767 patrando
1342 1702 1475 1752 bello
1515 1718 1656 1751 mora
1692 1699 1804 1763 fuit,

123 1785 263 1849 quod
299 1795 475 1849 postea
504 1784 660 1835 dubia
690 1794 740 1834 et
771 1783 1021 1835 interdum
1045 1782 1249 1849 ancipiti
1271 1785 1470 1834 fortuna
1492 1793 1686 1847 gestum
1711 1791 1798 1832 est.

124 1882 242 1915 nam
283 1875 334 1916 et
370 1865 540 1916 classis
577 1868 758 1916 eodem
805 1868 920 1917 loco
966 1876 1143 1916 uexata
1182 1875 1258 1915 est
1303 1874 1611 1929 tempestate,
1651 1874 1702 1914 et
1746 1874 1802 1914 ut
1824 1878 1852 1916 4

124 1946 289 1997 nauali
314 1947 475 2012 primo
497 1947 687 2013 proelio
710 1949 846 2012 apud
880 1949 1042 2012 Mylas
1074 1949 1229 1998 ductu
1254 1945 1503 2011 Agrippae
1526 1955 1801 2010 pugnatum

124 2044 372 2094 prospere,
421 2028 490 2079 ita
525 2028 784 2094 inopinato
821 2028 990 2079 classis
1029 2030 1252 2079 aduentu
1298 2027 1460 2092 grauis
1507 2027 1602 2077 sub
1647 2026 1802 2092 ipsius

125 2111 352 2164 Caesaris
383 2110 541 2162 oculis
577 2111 707 2162 ciroe
742 2110 1135 2161 Tauromenium
1167 2119 1373 2174 accepta
1404 2110 1603 2170 clades:
1637 2125 1802 2173 neque

123 2194 191 2245 ab
227 2194 337 2259 ipso
374 2193 648 2259 periculum
685 2192 856 2244 abfuit.
930 2193 1164 2258 legioneS‚
1203 2209 1333 2257 quae
1374 2208 1490 2241 cum
1532 2191 1803 2243 Cornificio

125 2286 278 2336 erant,
305 2276 468 2339 legato
492 2274 732 2335 CaesariS,
758 2274 1011 2339 expositae
1035 2274 1086 2324 in
1119 2284 1297 2325 terram
1322 2290 1482 2338 paene
1505 2290 1536 2322 a
1559 2272 1803 2337 Pompeio

71 2378 104 2421 5
125 2372 392 2422 oppressae
437 2366 566 2406 sunt.
639 2357 728 2407 sed
773 2355 1004 2421 ancipitis
1062 2357 1261 2406 fortuna
1318 2353 1554 2419 temporis
1613 2363 1805 2404 matura
1828 2374 1851 2415 5

126 2437 307 2489 uirtute
331 2449 580 2488 correcta:
616 2436 870 2502 explicatis
894 2436 1081 2502 quippe
1105 2436 1361 2501 utriusque
1388 2435 1539 2500 partis
1564 2434 1804 2485 classibus

125 2536 286 2587 paene
309 2519 545 2571 omnibus
568 2530 744 2570 exutus
768 2517 981 2569 nauibus
1000 2517 1269 2583 Pompeius
1294 2516 1466 2567 Asiam
1491 2517 1606 2580 fuga
1629 2515 1805 2580 petiuit

181 2663 210 2703 3
238 2650 373 2691 milite
391 2662 442 2690 ac
463 2649 623 2700 remige
641 2647 757 2689 AP:
785 2648 905 2688 militi
932 2662 983 2690 ac
1010 2648 1159 2700 remigi
1183 2648 1398 2688 Gelenius:
1426 2625 1534 2686 nuni
1559 2646 1736 2687 militem
1754 2661 1806 2689 ac

127 2706 358 2758 remigem?
387 2705 436 2757 cy:
461 2717 524 2755 79.
542 2718 568 2744 2
679 2718 705 2755 4
733 2704 874 2754 adque
893 2703 936 2743 A
1031 2704 1248 2756 exsti-cita
1263 2703 1351 2750 del„
1376 2701 1467 2741 dein
1485 2702 1807 2747 exercitationi-

126 2761 208 2802 bus
226 2761 270 2800 A
348 2759 566 2812 prefectus
585 2757 628 2797 A
713 2770 739 2808 5
769 2758 913 2799 uirtuti
931 2757 976 2798 A
1063 2759 1091 2798 8
1116 2758 1325 2807 coniuges
1343 2756 1387 2795 A
1492 2767 1537 2795 11
1570 2756 1709 2797 classe
1732 2757 1807 2798 Ge·

127 2815 259 2856 leonius
304 2817 344 2856 δε
360 2827 536 2854 merone
553 2812 751 2861 del.‚dein
765 2820 967 2865 aspra-scr.
979 2813 1019 2853 ei
1038 2812 1268 2854 NeroneA
1343 2824 1392 2851 12
1410 2810 1585 2851 LiuiaA
1607 2825 1618 2852 :
1642 2811 1806 2853 Liuiam

127 2868 173 2911 P
281 2882 332 2921 13
360 2869 602 2910 hominibus
621 2868 664 2909 A
806 2880 861 2908 πο
887 2874 993 2919 aput
1020 2867 1143 2909 Miles
1161 2867 1205 2908 A
1348 2879 1397 2907 21
1432 2865 1721 2917 Pompeianae
1743 2868 1810 2908 uel

128 2924 325 2966 inimicae
347 2924 413 2964 uel
427 2925 637 2964 aduersae
657 2921 755 2964 add.
774 2922 977 2963 Heinsius
1096 2936 1150 2975 24
1178 2923 1341 2973 legatae
1360 2920 1404 2961 A
1492 2920 1535 2960 in
1556 2927 1671 2962 ten-a
1688 2921 1807 2963 AP:

128 2980 174 3021 in
205 2986 362 3020 terram
398 2979 576 3018 malebat
606 2978 773 3018 Aleten
860 2989 972 3029 pene
1002 2990 1128 3029 pene
1153 2977 1227 3019 A:
1258 2989 1366 3016 num
1392 2987 1533 3027 paene
1563 2976 1718 3027 plene?
1749 2990 1805 3017 an

129 3046 268 3086 paene
289 3046 428 3086 paene
446 3034 504 3072 sic
519 3032 674 3073 daz-tum
693 3036 751 3072 ese
770 3037 816 3072 ue
830 3032 958 3072 modo
973 3033 1100 3073 modo
1121 3037 1167 3071 ue
1179 3031 1463 3085 u'gnq'ficentur
1477 3043 1607 3070 naues
1615 3032 1810 3083 proxime

127 3088 304 3141 obfide&
321 3090 374 3128 ab
389 3088 510 3128 exn'ttb
673 3098 728 3139 25
756 3093 920 3128 mature
941 3087 1147 3127 Ruhnken
1312 3098 1364 3137 27
1393 3084 1500 3126 Asia
1518 3084 1662 3137 sugam
1678 3085 1724 3127 A

943 3163 996 3204 93
