2014 3392
807 245 1024 294 LIBER
1059 244 1116 292 11

123 385 165 436 is
202 384 364 435 uictus
402 401 434 434 a
481 386 552 434 M.
597 386 860 447 Perpenna
905 383 1188 445 ductusque
1223 380 1276 429 in
1317 379 1585 444 triumpho,
1629 382 1720 431 sed
1764 396 1795 428 a

125 470 210 518 M’.
236 466 455 531 Aquilio,
481 465 643 530 oepite
674 482 862 530 poenas
893 463 1048 524 dedit,
1078 480 1195 513 cum
1226 462 1369 512 initio
1406 462 1524 512 belli
1559 464 1794 514 Crassum

124 549 433 610 Mucianum,
463 548 625 599 uirum
660 547 779 598 iuris
809 545 1208 606 scientissimum,
1234 546 1565 595 decedentem
1593 562 1654 595 ex
1676 545 1798 595 Asia

19 604 42 715 i(
122 633 470 696 proconsulem
508 629 849 680 interemisset.
921 638 972 678 et
995 630 1049 677 P.
1077 626 1245 691 Scipio
1276 626 1539 676 Africanus
1567 626 1797 676 Aemilia·
1821 642 1840 669 2

20 720 38 789 3‘
72 717 231 774 snus,
273 713 360 777 qui
406 711 758 776 Carthaginem
805 712 1070 771 deleuerat,
1112 719 1227 775 post
1272 718 1347 759 tot
1392 715 1622 772 acceptas
1668 708 1797 758 circa

12 798 38 858 ,3
123 794 448 845 Numantiam
494 793 651 844 cladis
696 802 889 843 crffltus
946 792 1125 842 iterum
1179 792 1356 841 consul
1410 790 1691 854 missusque
1744 790 1796 839 in

32 876 37 884 '
125 876 423 941 Hispaniam
447 878 675 926 fortunae
698 874 967 939 uirtutique
1001 883 1230 938 expertae
1266 872 1319 922 in
1350 872 1518 922 Africa
1541 872 1797 936 respondit

123 958 174 1008 in
222 957 484 1022 Hispania,
533 967 583 1007 et
636 956 765 1006 intra
808 973 998 1006 annum
1043 972 1105 1005 ac
1149 954 1235 1004 tris
1282 954 1481 1015 mensiS‚
1530 971 1682 1018 quam
1734 971 1796 1004 eo

123 1049 340 1099 uenerat,
392 1039 749 1089 circumdatam
807 1037 1041 1103 operibus
1100 1036 1425 1087 Numantiam
1483 1035 1798 1100 excisamque

72 1139 104 1170 o
122 1120 356 1186 aequauit
393 1122 515 1172 solo.
587 1137 683 1170 nec
713 1120 979 1185 quisquam
1015 1118 1163 1169 ullius
1199 1117 1359 1183 gentis
1390 1117 1654 1168 hominum
1681 1127 1799 1167 ante
1821 1134 1845 1174 3

31 1235 33 1243 ·
122 1220 238 1253 eum
261 1202 467 1253 clariore
489 1202 687 1252 urbium
720 1201 915 1252 excidio
952 1218 1139 1251 nomen
1176 1217 1323 1251 suum
1360 1209 1628 1264 perpetuae
1665 1216 1800 1250 com-

122 1284 379 1335 mendauit
402 1284 701 1334 memoriae:
737 1283 923 1348 quippe
941 1282 1105 1333 excisa
1123 1281 1423 1346 Carthagine
1445 1298 1505 1330 ac
1524 1280 1799 1331 Numantia

119 1366 187 1416 ab
215 1365 415 1416 alterius
447 1383 541 1416 nos
573 1375 724 1426 metu,
755 1365 954 1415 alterius
986 1363 1260 1423 uindicauit
1298 1362 1625 1413 contumeliis.
1698 1363 1796 1423 hie,
1819 1375 1847 1415 4

122 1465 238 1498 eum
279 1447 611 1512 interrogante
657 1447 858 1497 tribuno
900 1447 1147 1507 Carbone,
1191 1445 1314 1509 quid
1354 1446 1420 1494 de
1465 1444 1542 1494 Ti.
1585 1444 1799 1495 Gracchi

76 1550 101 1591 5
121 1530 277 1580 caede
323 1529 539 1590 sentiret,
587 1528 859 1593 respondit,
907 1527 950 1578 si
994 1527 1036 1578 is
1082 1528 1407 1591 occupandae
1453 1525 1523 1575 rei
1568 1526 1801 1590 publicae

119 1610 344 1660 animum
399 1610 667 1671 habuisset,
720 1609 825 1660 iure
871 1626 1087 1659 caesum.
1158 1618 1209 1658 et
1254 1625 1371 1658 cum
1418 1607 1582 1658 omnis
1628 1607 1799 1658 contio

119 1694 456 1754 acclamasset,
504 1691 739 1753 hostium,
782 1691 959 1756 inquit,
1000 1700 1304 1741 armatorum
1350 1689 1533 1740 totiens
1580 1691 1797 1740 clamore

120 1791 224 1825 non
261 1774 469 1836 territus,
508 1773 597 1839 qui
635 1791 842 1838 possum
879 1782 1046 1823 uestro
1084 1771 1289 1833 moueri,
1327 1789 1542 1836 quorum
1581 1788 1801 1822 nouerca

119 1866 196 1907 est
242 1856 424 1907 Italia?
489 1873 716 1907 reuersus
762 1855 814 1905 in
861 1855 1037 1905 urbem
1077 1854 1206 1904 intra
1251 1854 1404 1904 breue
1449 1863 1663 1918 tempuS,
1707 1855 1793 1903 M'.
1819 1866 1843 1908 5

82 1970 89 1979 ·
121 1938 326 2003 Aquilio
363 1940 421 1991 C.
448 1938 747 2003 Sempronio
783 1937 1074 1988 consulibus
1107 1937 1294 1987 abhinc
1327 1953 1488 1986 annos
1525 1941 1556 1990 †
1570 1951 1650 1997 CL,
1683 1946 1797 2000 post

31 2025 33 2042 ¹
120 2021 250 2071 duos
286 2022 575 2071 consulatus
611 2022 843 2084 duosque
872 2019 1151 2084 triumphos
1188 2028 1238 2069 et
1269 2018 1346 2068 bis
1375 2018 1565 2070 excisos
1589 2027 1798 2069 terrores

120 2101 191 2153 rei
224 2102 456 2167 publioee
491 2119 639 2152 mane
678 2101 732 2151 in
771 2103 956 2152 lectulo
996 2110 1217 2166 repertus
1257 2109 1333 2150 est
1373 2109 1612 2161 mortuuS‚
1638 2099 1708 2150 ita
1743 2111 1798 2150 ut

119 2185 368 2248 quaedam
409 2183 640 2234 elisarum
681 2182 900 2233 faucium
940 2183 993 2233 in
1033 2182 1228 2233 ceruice
1267 2181 1596 2246 reperirentur
1631 2191 1794 2232 notae.

120 2266 186 2317 de
208 2265 333 2316 tanti
356 2265 449 2316 uiri
472 2275 633 2316 morte
655 2267 793 2316 nulla
814 2264 986 2315 habita
1012 2274 1088 2315 est
1119 2263 1346 2329 quaestio
1377 2263 1585 2328 eiusque
1616 2280 1797 2330 corpus
1818 2269 1844 2311 6

28 2358 34 2377 ·
82 2394 87 2399 .
121 2349 287 2398 uelato
309 2347 473 2412 capite
495 2349 681 2398 elatum
710 2357 799 2409 est,
825 2346 966 2397 cuius
998 2363 1150 2411 opera
1181 2363 1328 2411 super
1359 2355 1521 2396 totum
1558 2355 1795 2396 terrarum

30 2409 35 2485 f
121 2429 295 2480 orbem
332 2430 500 2480 Roma
529 2431 768 2480 extulerat
804 2438 967 2494 caput.
1039 2445 1128 2479 seu
1165 2430 1381 2489 fatalem,
1415 2436 1470 2477 ut
1500 2428 1681 2491 plures,
1707 2443 1796 2477 seu

60 2575 62 2577 ,
121 2512 388 2562 conflatam
429 2509 635 2573 insidiis,
672 2521 727 2561 ut
766 2510 919 2575 aliqui
958 2509 1223 2575 prodidere
1264 2497 1547 2570 memoriae,
1586 2517 1798 2559 mortem

32 2613 33 2618 ¹
121 2591 261 2654 obiit,
309 2592 464 2643 uitam
511 2603 644 2643 certe
690 2592 1031 2657 dignissimam
1078 2591 1191 2657 egit,
1234 2607 1364 2656 quae
1410 2589 1593 2641 nullius
1638 2591 1706 2641 ad
1745 2589 1799 2640 id

121 2674 359 2740 temporis
404 2685 749 2741 praeterquam
794 2674 932 2726 auito
977 2676 1167 2740 fulgore
1218 2673 1510 2724 uinceretur.
1583 2672 1797 2723 decessit

180 2781 199 2810 ι
232 2768 454 2821 Perperna
467 2768 694 2808 Burmann
777 2774 885 2808 seta
899 2768 942 2808 A
963 2781 975 2808 ε
1002 2768 1081 2808 sed
1096 2767 1157 2810 P:
1189 2767 1266 2808 sed
1286 2766 1367 2807 sub
1378 2766 1545 2819 Bentley
1667 2780 1695 2807 2
1724 2767 1796 2809 M’.

121 2822 265 2867 Aldu
282 2836 295 2863 :
324 2823 382 2865 Μ.
401 2822 492 2864 ΑΡ
595 2835 623 2875 3
650 2823 734 2863 alia
751 2829 953 2875 suprascr:
971 2822 1088 2863 italia
1106 2821 1150 2861 A
1263 2835 1290 2873 4
1318 2827 1363 2862 at
1387 2820 1490 2862 Voss
1597 2822 1626 2861 6
1653 2822 1797 2863 clades

122 2917 215 2960 A?
343 2919 373 2960 8
396 2923 439 2961 a
459 2920 537 2961 tris
557 2920 575 2968 <
586 2919 706 2973 prius
724 2921 833 2967 tres)
854 2919 897 2960 A
923 2919 1013 2983 (eis)
1115 2931 1289 2959 menses
1308 2916 1400 2957 ΑΡ
1535 2930 1582 2959 11
1615 2918 1796 2959 clariore

124 2972 285 3017 Bustr-
312 2974 481 3015 clariori
501 2972 614 3016 AP:
642 2972 717 3014 sed
732 2978 779 3013 ut
796 2974 840 3014 in
859 2972 903 3013 A
920 2974 1043 3025 pnus
1058 2972 1402 3026 scn‘ptumfioen't
1420 2971 1663 3025 clariorum,
1682 2974 1800 3025 quod

125 3028 233 3070 nares·
367 3028 565 3070 eundum
593 3027 759 3069 utatur
915 3040 966 3081 ¹3
993 3027 1063 3068 hic
1089 3041 1186 3069 cum
1206 3019 1261 3069 A
1409 3039 1458 3077 ¹4
1486 3026 1664 3069 TibA·
1687 3027 1737 3069 T.
1756 3028 1801 3069 P

264 3082 430 3125 cLAP
538 3095 590 3135 ¹9
620 3082 789 3124 u.AP
907 3076 1187 3125 20005.A
1267 3040 1458 3124 aAPi
1480 3081 1796 3126 culmem:

64 3191 66 3195 Ι
126 3149 243 3178 (τινα
261 3137 386 3179 Kn'u
547 3150 597 3179 οι
628 3137 694 3179 bis
712 3137 778 3178 Ρ.
806 3137 874 3178 his
892 3137 935 3179 A

938 3203 990 3245 ²3
