2014 3392
44 258 55 338 ἲ
802 219 1016 268 LIBER
1055 219 1109 267 11

40 347 57 435 ἕ
117 356 248 406 circa
287 358 522 421 paludem
566 356 799 417 Maricae,
842 356 894 406 in
936 373 1087 421 quam
1129 373 1183 406 se
1223 357 1414 421 fugiens
1457 357 1789 407 consectantis

40 453 56 480 n
117 440 283 487 Sullae
327 437 520 503 equites
565 437 840 498 abdiderat,
882 437 1068 488 iniecto
1114 437 1166 486 in
1213 439 1398 487 collum
1440 440 1546 488 loro
1592 438 1644 487 in
1691 455 1791 488 car-

50 566 53 571 .
115 535 279 568 cerem
324 518 746 568 Minturnensium
787 518 923 568 iussu
964 518 1215 568 duumuiri
1255 520 1523 582 perductus
1564 529 1651 568 est.
1723 520 1789 569 ad
1814 531 1837 571 3

48 612 51 613 ’
115 616 267 663 quem
307 599 706 650 interficiendum
746 599 926 649 missus
973 616 1089 649 cum
1129 599 1296 664 gladio
1342 617 1513 649 seruus
1559 599 1789 663 publicus

67 698 92 739 5
115 679 318 730 natione
376 682 669 741 Germanus,
729 680 815 745 qui
873 682 999 730 forte
1059 681 1126 730 ab
1183 680 1478 744 imperatore
1536 697 1597 730 eo
1656 681 1789 730 bello

115 760 371 812 Cimbrico
412 772 587 826 oeptus
624 771 741 822 erat,
778 772 833 811 ut
872 761 1077 826 agnouit
1114 761 1345 822 Marium,
1383 778 1566 826 magno
1603 761 1787 811 eiulatu

114 858 409 905 expromens
450 842 844 907 indignationem
885 859 1029 892 casus
1070 842 1194 892 tanti
1241 842 1332 892 uiri
1378 842 1575 892 abiecto
1621 842 1788 907 gladio

114 922 329 987 profugit
369 941 399 974 e
439 941 646 974 carcere.
736 933 843 973 tum
885 923 1036 985 ciues,
1074 924 1140 974 ab
1181 925 1326 974 hoste
1372 923 1591 973 misereri
1635 925 1787 988 paulo
1811 937 1836 975 4

112 1014 231 1054 ante
276 1004 511 1069 principis
557 1004 650 1055 uiri
696 1005 847 1066 docti,
890 1005 1185 1055 instructum
1232 1022 1348 1055 eum
1395 1004 1578 1054 uiatico
1624 1007 1788 1054 conla-

64 1107 94 1135 ο
114 1095 265 1150 taque
315 1097 455 1136 ueste
508 1086 560 1136 in
612 1103 793 1136 nauem
845 1086 1201 1151 imposuerunt.
1286 1095 1337 1135 at
1387 1085 1470 1135 ille
1519 1087 1786 1136 adsecutus

24 1150 33 1247 ξ
112 1166 243 1216 ciroe
266 1168 531 1218 Aenariam
557 1168 713 1218 filium
737 1185 936 1218 cursum
961 1168 1012 1217 in
1037 1168 1256 1218 Africam
1280 1167 1455 1218 direxit
1483 1166 1788 1232 inopemque

112 1248 266 1299 uitam
291 1249 343 1299 in
368 1250 563 1341 tugurio
595 1250 847 1300 ruinarum
880 1249 1363 1314 Carthaginiensium
1396 1249 1638 1310 tolerauit,
1669 1266 1783 1300 cum

113 1330 303 1381 Marius
342 1331 588 1396 aspiciens
630 1331 996 1396 Carthaginem,
1034 1331 1118 1381 illa
1156 1330 1355 1380 intuens
1395 1329 1626 1391 Marium,
1664 1332 1786 1381 alter

23 1467 26 1479 ⁴
109 1411 248 1461 alteri
273 1423 478 1476 possent
501 1429 611 1462 oese
635 1412 834 1462 solacio,

24 1483 26 1499 ’
181 1495 300 1544 Hoc
350 1494 565 1559 primum
611 1511 747 1544 anno
793 1493 1032 1584 sanguine
1082 1493 1300 1543 consulis
1349 1492 1567 1542 Romani
1614 1492 1783 1543 militis
1804 1510 1874 1549 20

105 1658 172 1707 ad
207 1657 476 1708 exercitum
509 1659 602 1709 Cn.
632 1656 841 1721 Pompei
876 1655 1187 1721 proconsulis
1222 1655 1482 1716 seditione,
1509 1657 1599 1705 sed
1631 1672 1782 1720 quam

105 1739 207 1788 dux
230 1748 494 1799 creauerat,
520 1738 806 1788 interfectus
830 1748 917 1788 est.
990 1754 1093 1787 non
1122 1746 1225 1787 erat
1259 1735 1422 1786 Mario
1457 1735 1780 1801 Sulpicioque
1807 1752 1826 1779 ²

105 1819 271 1870 Cinna
315 1819 643 1884 temperatior.
731 1819 899 1883 itaque
945 1835 1061 1868 cum
1108 1818 1176 1868 ita
1221 1817 1395 1868 ciuitas
1444 1817 1617 1867 Italiae
1663 1819 1780 1868 data

66 1911 248 1962 ·esset,
296 1911 351 1951 ut
401 1901 453 1951 in
500 1911 617 1951 octo
667 1901 823 1951 tribus
869 1900 1298 1950 contribuerentur
1343 1898 1464 1949 noui
1514 1898 1664 1960 ciues,
1714 1917 1779 1950 ne

104 1983 327 2047 potentia
372 2000 545 2034 eorum
586 1993 635 2033 et
676 1982 945 2033 multitudo
985 1991 1210 2032 ueterum
1251 1981 1437 2031 ciuium
1484 1980 1776 2045 dignitatem

101 2066 344 2130 frangeret
367 2067 580 2130 plusque
612 2074 816 2130 possent
848 2063 1033 2128 recepti
1065 2063 1116 2113 in
1150 2062 1450 2114 beneficium
1482 2079 1635 2127 quam
1666 2079 1778 2112 auc-

101 2156 232 2197 tores
268 2147 513 2208 beneficii‚
545 2147 710 2199 Cinna
740 2146 792 2196 in
824 2146 1060 2197 omnibus
1089 2145 1316 2196 tribubus
1348 2162 1435 2195 eos
1464 2162 1518 2195 se
1550 2144 1779 2195 distribu-

101 2237 263 2278 turum
303 2228 553 2294 pollicitus
590 2239 698 2279 est:
747 2245 851 2293 quo
886 2227 1091 2278 nomine
1125 2226 1379 2292 ingentem
1415 2226 1566 2277 totius
1604 2226 1777 2277 Italiae
1802 2243 1825 2283 3

19 2410 26 2420 ,
158 2382 176 2410 1
208 2371 502 2411 consentantis
518 2371 561 2410 A
675 2384 702 2411 2
731 2384 855 2413 caree
868 2371 926 2423 A,
940 2372 1032 2423 fine
1044 2370 1414 2411 uocabuliabsa'sso
1523 2383 1550 2421 3
1579 2364 1626 2411 ῐῖ
1642 2371 1723 2411 uiri
1736 2370 1781 2411 Ρ

99 2437 133 2465 n
149 2425 228 2465 uiri
242 2426 284 2465 A
305 2441 316 2467 z
344 2427 611 2466 duumuirum
627 2426 795 2479 Lipsius
905 2439 931 2478 5
950 2426 1025 2479 ab]
1038 2427 1117 2466 sub
1131 2426 1359 2465 Burmann
1438 2425 1494 2465 im
1510 2431 1712 2476 peratore
1727 2426 1770 2465 A

96 2481 127 2520 6
154 2493 309 2532 magno
329 2480 412 2520 BA
430 2496 440 2523 :
471 2494 566 2522 cum
588 2494 742 2533 magno
761 2480 805 2520 Ρ
965 2494 989 2533 7
1018 2493 1279 2533 expromens
1298 2479 1516 2519 Aa'dah’us
1540 2484 1578 2519 et
1595 2480 1778 2534 Madutsg

19 2545 23 2583 ξ
98 2534 274 2575 Adam.
297 2535 339 2577 ii.
363 2547 471 2587 301:
509 2537 780 2588 expromenti
812 2535 920 2577 BP:
963 2535 1222 2588 exprimenti
1243 2534 1317 2574 A:
1358 2547 1411 2574 m.
1442 2535 1599 2575 eiulatu
1630 2537 1772 2588 expri-

19 2594 23 2622 ἔ
98 2596 242 2631 mente
262 2590 424 2641 indign.
444 2590 567 2642 Kritf
712 2604 764 2632 ιο
792 2591 891 2642 imp.
912 2590 1004 2631 ΑΡ
1137 2602 1181 2629 11
1212 2589 1464 2629 Taenariam
1483 2588 1551 2631 P:
1580 2589 1771 2632 taenaria’

95 2651 298 2697 suprascr.
331 2645 516 2686 Teum-'ii
540 2645 582 2684 A
603 2660 614 2686 ε
646 2644 839 2686 Aenaria
861 2645 1049 2686 Gelem’aoe
1216 2657 1266 2684 12
1295 2644 1698 2696 Carthaginensium
1723 2646 1767 2685 A

8 2695 23 2754 ξζ
97 2709 147 2749 14
175 2699 331 2740 solatio
349 2698 441 2739 ΑΡ
550 2702 600 2740 16
627 2707 727 2741 sunt
746 2700 863 2742 BA:
890 2713 974 2742 om.
987 2699 1031 2740 Ρ
1108 2700 1162 2751 Q.
1184 2699 1278 2740 add.
1295 2698 1509 2739 Heinsius
1587 2699 1767 2752 SyllaA

9 2764 21 2804 ¹*
100 2805 148 2846 17
177 2752 231 2836 :ld
263 2796 454 2837 exercitu
473 2797 549 2837 A.
595 2798 648 2838 ad
679 2797 919 2838 exercitum
946 2796 991 2837 Ρ
1071 2797 1210 2837 Burer
1232 2795 1435 2836 dubitauit
1462 2800 1605 2836 utrum
1629 2797 1770 2850 potius

8 2896 9 2905 ἵ
93 2848 312 2902 Iegrndum
338 2856 438 2891 esst!
464 2852 519 2892 ad
551 2866 608 2892 an
628 2853 681 2892 ab
809 2852 1024 2893 seditione
1053 2850 1160 2892 ΒΡ.
1198 2850 1398 2891 seditioni
1426 2857 1626 2903 supmscr.
1657 2851 1768 2892 sedi·

8 2918 10 2922 ¹
95 2904 224 2945 tionis
238 2905 282 2944 A
400 2906 450 2946 18
475 2911 571 2946 ante
589 2920 674 2948 non
694 2907 840 2948 Haase
854 2907 1028 2959 signum
1047 2906 1216 2946 lacunae
1228 2905 1369 2958 posunt
1443 2905 1709 2957 Sulpitioque
1723 2907 1766 2946 A

92 2962 132 2998 et
150 2972 297 3012 »targa
313 2958 375 3002 P:
407 2961 592 3025 sulpitio
618 2960 662 3001 Ρ
851 2973 902 3012 ¹9
930 2960 1206 3013 temperatior
1219 2966 1418 3013 suprascr.
1444 2961 1763 3013 temperatorA

19 3047 21 3051 .
94 3025 143 3054 οι
176 3014 382 3066 potentie
410 3015 454 3055 A
486 3017 565 3056 κίοι
562 3016 719 3069 'fallor
876 3029 930 3057 22
958 3015 1125 3069 possint
1144 3014 1187 3054 A

899 3168 951 3213 37
