2014 3392
773 226 989 274 LIBER
1026 226 1082 274 11

6 390 13 419 ·.
99 371 355 419 Romanos
401 368 526 417 fides
565 366 672 427 suit,
697 376 771 416 *ut
810 382 1007 430 semper
1046 376 1096 416 et
1135 366 1188 416 in
1229 366 1368 416 omni
1407 383 1474 428 re,
1517 366 1765 431 quidquid

0 476 10 518 j
42 491 43 494 η
94 450 285 501 sincera
315 450 415 498 fide
445 458 705 512 gereretur,
734 447 789 498 id
821 447 1039 497 Romani
1070 447 1239 497 Attica
1268 447 1373 497 fieri
1407 447 1761 511 praedicarent.

0 532 12 549 ''
94 541 312 582 ceterum
358 540 464 579 tum
511 528 734 593 oppressi
782 528 1086 578 Mithridatis
1130 528 1279 578 armis
1325 528 1555 578 homines
1602 529 1767 578 miser·
1792 546 1814 585 5

93 611 246 662 rimae
291 609 602 660 condicionis
647 626 763 659 cum
809 609 875 659 ab
914 609 1128 659 inimicis
1174 618 1471 670 tenerentur,
1515 626 1768 673 oppugna-

94 693 274 743 bantur
295 692 362 741 ab
384 691 558 741 amicis
576 701 626 741 et
647 690 843 741 animos
867 701 1002 741 extra
1025 690 1238 752 moenia,
1259 707 1468 755 corpora
1485 691 1766 741 necessitati

93 773 364 824 seruientoe
404 772 533 822 intra
571 789 740 822 muros
780 773 1046 822 habebant.
1119 783 1448 837 transgressus
1489 773 1674 823 deinde
1714 773 1765 822 in
1789 778 1815 819 6

96 855 266 906 Asiam
301 857 437 905 Sulla
459 864 716 919 parentem
746 856 812 904 ad
835 854 1006 904 omnia
1037 854 1415 919 supplicemque
1440 854 1767 905 Mithridaten

94 936 299 997 inuenit,
339 953 490 1001 quem
537 938 801 986 multatum
847 936 1062 1000 pecunia
1105 953 1165 986 ac
1205 946 1344 1001 parte
1384 937 1604 998 nauium,
1648 936 1770 986 Asia

94 1018 430 1083 omnibusque
459 1017 568 1068 aliis
598 1018 882 1082 prouinciiS,
913 1035 1037 1083 quas
1073 1018 1222 1068 armis
1254 1028 1600 1083 occupauerat,
1626 1020 1770 1068 dece-

94 1100 213 1151 dere
235 1099 411 1164 coegit,
437 1099 663 1163 oeptiuos
697 1099 897 1163 recepit,
922 1098 975 1148 in
998 1101 1226 1164 perfugas
1250 1099 1526 1164 noxiosque
1549 1099 1770 1150 animad-

94 1182 254 1243 uertit,
279 1181 510 1246 paterni3‚
536 1181 589 1231 id
612 1191 687 1231 est
712 1180 932 1231 Ponticis
956 1181 1139 1231 finibus
1163 1191 1456 1232 contentum
1480 1198 1589 1232 esse
1612 1181 1766 1232 iussit.

162 1264 220 1315 C.
243 1262 444 1312 Flauius
463 1262 694 1323 Fimbria,
714 1263 801 1327 qui
818 1264 1094 1327 praefectus
1113 1263 1337 1328 equitum
1354 1273 1471 1313 ante
1493 1265 1769 1314 aduentum
1791 1276 1860 1324 24

97 1347 263 1397 Sullae
308 1344 562 1395 Valerium
606 1346 843 1395 Flaccum
890 1347 1203 1395 consularem
1251 1345 1413 1395 uirum
1460 1345 1770 1395 interfecerat

96 1426 412 1491 exercituque
447 1436 693 1491 occupato
733 1426 1000 1490 imperator
1032 1428 1308 1490 appellatus
1353 1428 1537 1485 †fonte
1581 1426 1773 1476 Mithri—

97 1509 248 1560 daten
306 1509 562 1572 pepulerat
619 1507 823 1572 proelio,
889 1508 984 1558 sub
1041 1509 1263 1558 aduentu
1322 1510 1487 1558 Sullae
1548 1525 1601 1558 se
1664 1507 1772 1572 ipse

98 1589 359 1650 interemit,
406 1590 716 1649 adulescenS,
765 1605 895 1653 quae
948 1588 1164 1653 pessime
1217 1606 1366 1640 ausus
1418 1599 1534 1650 erat,
1584 1589 1773 1639 fortiter

97 1683 370 1724 exsecutus.
442 1673 622 1722 eodem
657 1688 792 1721 anno
830 1674 883 1721 P.
913 1673 1105 1721 Laenas
1141 1671 1368 1722 tribunus
1399 1674 1464 1736 pl.
1493 1673 1600 1722 Sex.
1631 1671 1772 1721 Luci·
1799 1685 1818 1712 2

98 1753 235 1815 lium,
260 1753 347 1818 qui
381 1750 475 1821 [in]
508 1752 670 1817 priore
699 1769 835 1803 anno
867 1752 1095 1803 tribunus
1123 1755 1188 1817 pl.
1215 1755 1387 1814 fuerat,
1414 1770 1532 1803 saxo
1556 1753 1772 1817 Tarpeio

99 1835 294 1897 deiecit,
318 1846 369 1886 et
392 1852 508 1885 cum
539 1837 759 1899 collegae
790 1834 911 1896 eiuS,
937 1835 1119 1900 quibus
1151 1835 1287 1885 diem
1319 1835 1520 1897 dixerat,
1547 1845 1684 1885 metu
1708 1836 1774 1885 ad

99 1920 287 1971 Sullam
311 1917 652 1982 perfugissent,
677 1934 810 1982 aqua
839 1917 1042 1982 ignique
1073 1917 1132 1968 iis
1163 1917 1426 1968 interdixit.
1499 1927 1606 1967 tum
1639 1919 1776 1968 Sulla
1798 1934 1822 1973 3

100 1999 390 2065 compositis
408 1999 744 2049 transmarinis
762 1999 924 2061 rebus,
942 2016 1058 2050 cum
1076 2001 1142 2050 ad
1166 2016 1282 2050 eum
1306 1999 1522 2064 primurn
1547 1999 1774 2050 omnium

102 2083 447 2133 Romanorum
486 2081 633 2146 legati
666 2082 962 2131 Parthorum
1001 2081 1267 2142 uenissent,
1302 2090 1352 2131 et
1386 2081 1438 2130 in
1474 2080 1533 2131 iis
1569 2080 1775 2145 quidam

103 2163 232 2229 magi
269 2180 330 2214 ex
361 2162 493 2213 notis
530 2162 751 2227 corporis
788 2162 1161 2228 respondissent
1192 2164 1457 2212 caelestem
1490 2162 1596 2213 eius
1620 2161 1775 2212 uitam

160 2306 181 2335 ι
201 2293 343 2345 quicq.
363 2291 408 2332 P
549 2306 576 2333 2
603 2306 789 2344 syncera
808 2291 899 2332 ΑΡ
974 2298 1179 2344 ogei-eeu
1197 2299 1424 2343 gereretur
1441 2292 1485 2331 A
1631 2305 1657 2343 3
1687 2300 1775 2332 tum

105 2347 188 2389 BA
204 2362 216 2391 ς
246 2361 343 2389 cum
358 2346 403 2386 P
525 2362 551 2399 4
581 2348 732 2388 malim
752 2361 847 2388 curn
867 2348 921 2388 ab
940 2347 1124 2388 inimicis
1144 2353 1406 2398 tenerentur,
1424 2354 1779 2399 oppugnarentur

105 2402 159 2444 ab
176 2403 337 2453 amicis,
359 2402 524 2443 animos
541 2408 608 2444 etc.
719 2415 745 2454 5
774 2402 1034 2443 necessitate
1053 2402 1283 2443 seruientis
1295 2402 1337 2441 A
1451 2404 1479 2442 6
1506 2403 1549 2442 in
1571 2402 1677 2442 Asia
1692 2401 1783 2440 ΑΡ

107 2469 132 2510 7
158 2458 213 2499 nd
226 2456 433 2498 Ruhnken
449 2471 460 2497 t
479 2464 580 2498 ante
599 2456 713 2498 AP:
738 2464 839 2499 ante
859 2458 1002 2498 omnia
1021 2457 1224 2511 Wopkens
1242 2456 1490 2497 ‘confestim
1505 2457 1515 2472 ⁹
1535 2458 1698 2510 interpr.
1721 2460 1780 2495 est

106 2525 159 2555 αι
230 2512 274 2552 A
363 2511 651 2553 Mithridatem
667 2512 710 2552 A
729 2526 741 2553 z
760 2514 877 2553 date
891 2511 937 2552 P
1013 2514 1041 2554 8
1060 2513 1293 2553 multatum
1312 2511 1404 2551 ΑΡ
1486 2525 1536 2552 10
1555 2513 1778 2563 perfugam

106 2566 150 2607 A
269 2579 316 2609 11
338 2580 436 2608 eae
450 2573 702 2608 contentum
715 2567 757 2606 A
869 2567 1178 2609 iubetiussitA
1198 2566 1288 2620 (sic)
1405 2579 1453 2616 13
1473 2568 1625 2607 ssacum
1640 2566 1682 2605 A
1701 2566 1785 2606 nisi

93 2621 233 2676 fillo»-
422 2634 470 2672 ¹⁴
499 2635 567 2675 ap.
587 2622 631 2661 A
764 2622 862 2663 forti
890 2621 1129 2665 Puteanus:
1159 2629 1315 2674 sponte
1342 2621 1480 2661 Halm
1615 2621 1781 2661 Mithri·

106 2676 250 2718 datem
272 2676 317 2717 A
457 2679 508 2717 16
537 2678 748 2729 pessimae
766 2676 809 2716 A
946 2689 993 2729 17
1022 2690 1142 2720 exec.
1163 2676 1255 2717 ΑΡ
1362 2676 1406 2718 Ρ.
1429 2676 1544 2717 AP:
1574 2676 1781 2728 Popillius

107 2730 249 2772 Aldu
348 2731 438 2773 Sex
460 2732 504 2771 A
525 2746 536 2773 ε
579 2732 698 2773 Sext.
721 2731 765 2772 Ρ
928 2733 977 2773 18
1005 2732 1078 2784 qui
1098 2732 1141 2773 in
1169 2731 1310 2784 priore
1330 2730 1420 2770 ΑΡ
1583 2743 1633 2783 19
1663 2736 1780 2771 metu

108 2784 268 2827 Boon:
301 2794 416 2828 motu
436 2785 551 2828 AP:
589 2793 716 2827 noctu
742 2785 915 2828 Vrsinus
1078 2800 1134 2827 πο
1161 2786 1450 2839 perfugissent
1471 2786 1637 2827 Baiter:
1671 2786 1780 2837 pros.

107 2838 200 2881 A?
300 2853 350 2881 οι
383 2854 521 2893 comp.
540 2840 607 2883 P:
635 2841 784 2894 cop.A
896 2854 951 2882 aa
981 2841 1023 2883 in
1043 2841 1134 2883 isA
1248 2854 1301 2893 23
1329 2842 1458 2882 uitam
1475 2847 1518 2882 et
1534 2840 1781 2882 memoriam

109 2933 178 2979 Pa
205 2937 248 2979 in
274 2906 473 2987 uitaminq
503 2939 749 2979 memoriam
778 2937 821 2977 A
845 2938 979 2991 prius,
1011 2937 1152 2979 deinde
1176 2939 1259 2987 ino.
1296 2942 1509 2977 mutatum
1537 2942 1596 2978 est
1622 2937 1666 2977 in
1694 2937 1780 2978 aa&

111 2991 232 3042 (doz
262 2994 407 3046 κῆρα·
422 2994 552 3034 uitam
573 2994 919 3045 memoriamque.
975 2994 1077 3035 com'.
1099 2993 1287 3034 Laurene
1304 2992 1620 3044 inuictamque:
1657 2992 1787 3034 Orelli

112 3045 239 3089 uitam
257 3054 385 3100 atque
402 3061 413 3089 ι
443 3047 695 3090 Cornelissen
715 3061 753 3091 c.
772 3055 817 3090 et
836 3048 1026 3089 diuinam
1045 3048 1138 3089 eius
1159 3061 1212 3091 m.
1238 3048 1267 3091 s.

914 3170 966 3212 ⁴¹
