2014 3392
720 223 978 271 VELLEI
1018 224 1420 274 PATERCVLI

241 361 413 422 aciem,
445 361 696 425 increpata
729 362 863 426 prius
904 365 1113 424 fortuna,
1152 366 1290 427 quod
1330 382 1383 414 se
1423 365 1475 413 in
1516 382 1631 414 eum
1669 376 1910 415 seruasset

241 441 440 502 exitum,
478 443 790 492 denuntiaret
828 444 1064 493 militibus
1103 445 1311 508 uestigio
1349 463 1402 495 se
1437 463 1540 495 non
1574 463 1910 496 recessurum:

240 521 450 585 proinde
485 522 724 584 uiderent,
752 541 902 588 quem
938 534 986 574 et
1018 542 1119 588 quo
1151 528 1264 575 loco
1296 526 1642 590 imperatorem
1674 526 1912 576 deserturi

194 615 219 653 4
242 605 415 653 forent.
489 605 790 655 uerecundia
824 606 979 669 magis
1018 624 1167 671 quam
1204 607 1384 657 uirtute
1424 608 1554 658 acies
1590 608 1824 669 restituta,
1863 618 1912 658 et

241 701 272 733 a
295 686 424 734 duce
448 701 599 748 quam
623 703 653 734 a
676 686 830 735 milite
854 687 1039 736 fortius.
1114 689 1205 738 Cn.
1230 689 1497 752 Pompeius
1521 689 1682 753 grauis
1706 691 1911 738 uulnere
1936 712 1958 752 5

242 764 475 814 inuentus
500 765 627 815 inter
651 766 942 817 solitudines
966 768 1102 817 auias
1135 768 1458 833 interemptus
1492 780 1566 819 est
1582 789 1597 832 3
1633 771 1934 856 [Q

241 847 979 912 VanJqueaciesnhanth-

154 934 223 992 56
299 929 495 1004 &Caesar
514 929 922 1000 omniumffluictor
940 948 1189 994 regressu-s,
1204 931 1462 994 inurbem,
1481 935 1619 997 quod
1643 936 1912 983 humanam

245 1002 450 1059 excedat
474 999 640 1071 fidem,
662 998 910 1078 omnibus,
930 1013 1015 1077 qui
1039 1023 1211 1075 contra
1229 1031 1282 1063 se
1305 1031 1442 1064 arma
1464 1017 1688 1076 tulerant,
1707 1015 1912 1079 ignoust,

244 1090 843 1156 magnificentissimisque
888 1094 1164 1156 gladiatorii
1211 1096 1441 1155 muneris,
1491 1097 1816 1146 naumachiae
1865 1107 1914 1147 et
1940 1118 2014 1163 10}

245 1172 468 1235 equitum
492 1173 832 1238 peditumque,
856 1175 1002 1224 simul
1021 1177 1398 1239 elephantorum
1424 1178 1703 1228 certaminis
1729 1188 1915 1242 specta·
2013 1166 2014 1172 ἵ

244 1254 367 1304 culis
409 1254 642 1318 epulique
682 1272 770 1318 per
810 1258 994 1306 multos
1032 1256 1138 1306 dies
1186 1257 1289 1306 dati
1330 1258 1661 1308 celebratione
1706 1259 1914 1322 repleuit

200 1359 219 1386 2
244 1352 368 1385 eam.
435 1335 664 1400 quinque
696 1336 794 1399 egit
826 1336 1133 1402 triumphos:
1177 1338 1354 1388 Gallici
1381 1349 1644 1402 apparatus
1680 1357 1740 1389 ex
1774 1339 1911 1400 citro,
2012 1387 2014 1408 ᾗ

245 1417 440 1466 Pontici
487 1434 547 1466 ex
591 1419 820 1479 acantho,
869 1419 1191 1469 Alexandrini
1237 1420 1499 1481 testudine,
1548 1421 1702 1470 Africi
1749 1422 1912 1482 ebore,
2012 1411 2014 1486 ἶ

246 1497 595 1561 Hispaniensis
627 1508 830 1562 argento
862 1499 992 1549 rasili
1024 1500 1255 1550 constitit.
1327 1501 1541 1564 pecunia
1574 1519 1634 1551 ex
1668 1503 1916 1553 manubiis
1941 1526 1989 1567 15

199 1598 222 1635 3
244 1582 343 1628 lata
379 1581 528 1643 paulo
565 1579 778 1643 amplius
817 1580 1008 1630 sexiens
1046 1581 1240 1631 miliens
1279 1582 1569 1631 sestertium.
1642 1600 1806 1647 neque
1846 1583 1916 1633 illi

244 1670 383 1710 tanto
424 1659 531 1709 uiro
573 1669 622 1709 et
663 1670 764 1709 tam
803 1663 1072 1711 clementer
1109 1662 1342 1712 omnibus
1383 1660 1620 1730 [uictoriis
1662 1663 1783 1732 suis]
1823 1683 1915 1715 uso

243 1743 355 1805 plus
392 1741 613 1805 quinque
649 1741 896 1791 mensium
937 1743 1219 1806 principalis
1256 1743 1396 1807 quies
1438 1745 1656 1808 contigit.
1729 1745 1916 1810 quippe

246 1841 361 1888 cum
403 1840 575 1872 mense
614 1824 822 1873 Octobri
863 1824 915 1873 in
953 1826 1127 1874 urbem
1169 1826 1460 1889 reuertisset,
1501 1826 1666 1877 idibus
1706 1828 1913 1890 Martiis,

245 1904 597 1954 coniurationis
635 1905 919 1955 auctoribus
957 1909 1111 1956 Bruto
1147 1916 1196 1956 et
1234 1907 1422 1972 Cassio,
1434 1967 1441 1976 „
1458 1924 1670 1971 quorum
1708 1911 1915 1958 alterum
1943 1932 1993 1960 20

243 1985 582 2049 promittendo
615 1988 928 2035 consulatum
961 2004 1064 2037 non
1097 1987 1413 2052 obligauerat‚
1441 1998 1613 2038 contra
1641 1989 1916 2040 differendo

245 2066 474 2117 Cassium
499 2068 785 2127 offenderat,
812 2067 1017 2117 adiectis
1042 2068 1190 2117 etiarn
1215 2069 1502 2119 consiliariis
1527 2069 1692 2119 caedis
1716 2070 1918 2120 familia-

243 2147 446 2197 rissimis
471 2147 696 2197 omnium
722 2158 770 2197 et
794 2150 991 2198 fortuna
1013 2149 1226 2212 partium
1250 2150 1355 2200 eius
1379 2150 1431 2199 in
1455 2168 1706 2200 summum
1731 2151 1916 2201 euectis

243 2229 506 2293 fastigium,
547 2232 608 2287 D.
646 2233 800 2280 Bruto
836 2238 898 2279 et·
922 2232 977 2282 C.
1017 2232 1271 2282 Trebonio
1306 2232 1514 2296 aliisque
1550 2233 1666 2282 clari
1700 2232 1916 2283 nominis

195 2334 222 2372 4
245 2310 374 2372 uiris,
415 2311 749 2375 interemptus
781 2322 867 2374 est·
941 2312 1586 2393 Qiam
1633 2315 1916 2364 conciliarat
1943 2340 1990 2382 2⁵

302 2497 320 2523 1
353 2453 574 2535 increpata
604 2483 647 2522 A
779 2499 805 2535 4
834 2487 1032 2526 restituta
1061 2491 1104 2526 et
1133 2501 1159 2526 a
1191 2487 1319 2527 Orelli
1336 2488 1577 2536 (restitutae
1597 2488 1746 2527 etiam
1766 2487 1917 2527 Ruhn-

241 2539 335 2590 ken)
358 2553 367 2577 ε
397 2540 622 2578 restitutae
635 2540 681 2580 C.
701 2539 755 2580 A.
769 2540 837 2579 B:
859 2541 1081 2581 restitutae
1101 2548 1201 2581 sunt
1219 2556 1245 2581 a
1265 2542 1355 2581 ΑΡ
1367 2557 1377 2582 2
1407 2543 1627 2582 restitutae
1648 2548 1747 2582 sunt
1767 2557 1792 2582 a
1808 2544 1916 2583 duce

242 2607 368 2643 quam
395 2607 419 2632 a
454 2594 587 2634 milite
619 2594 760 2644 potius
790 2594 1056 2636 Mommsen:
1096 2597 1292 2637 restituta
1321 2604 1364 2637 et
1393 2603 1599 2636 certatum
1619 2611 1655 2636 a.
1677 2598 1718 2636 d.
1740 2610 1778 2647 q.
1801 2611 1842 2637 a.
1861 2611 1914 2639 m.

242 2648 394 2687 fortius
418 2648 585 2687 Scn'ner
689 2659 714 2698 5
744 2650 887 2699 grauis
907 2663 991 2690 om.
1012 2650 1055 2688 A
1077 2664 1086 2689 :
1114 2651 1187 2690 sed
1200 2653 1321 2701 graui
1339 2652 1502 2691 sinistro
1523 2652 1710 2702 margine
1727 2651 1916 2691 additum

247 2715 296 2741 10
317 2704 835 2753 magnificentissimisque
853 2703 896 2741 A
918 2709 956 2743 et
973 2706 1030 2743 sic
1044 2705 1260 2756 legendum
1272 2707 1468 2757 praecepit
1485 2707 1645 2746 Emer:
1673 2719 1758 2755 que
1778 2720 1862 2746 om.
1877 2705 1921 2744 P

247 2770 295 2806 14
324 2758 419 2796 Afri
448 2758 490 2795 A
610 2769 658 2807 15
690 2758 1004 2808 Hespaniensis
1035 2760 1176 2798 uisum
1204 2765 1263 2799 est
1282 2762 1424 2812 potius
1458 2761 1502 2800 in
1533 2760 1575 2798 A
1692 2762 1742 2799 16
1770 2762 1914 2800 sexies

242 2812 379 2851 milies
398 2812 465 2851 P:
495 2811 747 2852 sextertium
767 2813 810 2850 A
832 2827 842 2852 z
877 2814 983 2853 S—H
1004 2813 1070 2854 P:
1109 2816 1308 2865 sexagies
1327 2815 1545 2854 Hotoman
1715 2828 1762 2864 17
1794 2821 1915 2854 tanto

244 2866 337 2904 uiro
358 2880 441 2907 om.
464 2867 506 2904 A
686 2868 920 2907 uictoribus
949 2870 1037 2907 suis
1054 2882 1133 2907 uso
1154 2870 1206 2920 B,
1227 2870 1340 2919 quod
1358 2869 1543 2908 Gelenius
1560 2869 1604 2908 in
1621 2869 1810 2909 uictoriis
1825 2870 1913 2909 suis

245 2922 427 2959 mutauit
444 2937 453 2961 ε
483 2922 714 2961 uictoribus
728 2923 815 2961 suis
832 2936 915 2963 om.
935 2923 1048 2963 AP:
1071 2928 1079 2945 ‘
1095 2923 1216 2962 Patet
1227 2924 1308 2962 duo
1324 2924 1518 2962 uocabula
1533 2924 1787 2975 [uictoribus
1803 2925 1914 2975 suis]

244 2976 310 3013 uel
334 2976 442 3013 inter
453 2990 595 3015 uersus
600 2977 736 3026 fuisse
752 2977 915 3028 scripta,
934 2978 999 3016 uel
1019 2978 1153 3029 signis
1170 2978 1319 3017 additis
1338 2978 1525 3029 margini
1539 2979 1722 3029 apposita
1736 2978 1746 2995 '
1766 2979 1890 3019 Kritz
1907 2993 1917 3019 ε

243 3042 289 3067 ea
310 3030 460 3068 delebat
482 3031 529 3070 G.
548 3031 607 3071 A.
623 3031 740 3069 Koch
852 3045 906 3070 20
935 3032 1241 3071 coniurationis
1259 3033 1303 3071 P
1319 3047 1329 3072 ε
1359 3033 1684 3074 coniurationib.
1705 3033 1747 3071 A
1862 3046 1917 3084 23

244 3084 428 3125 reuectis
446 3084 537 3124 AP
643 3098 695 3136 24
715 3086 918 3126 Tribonio
937 3086 1003 3126 P:
1029 3087 1232 3128 Trlbonio
1261 3088 1362 3141 (non
1382 3087 1604 3139 Tribonio')
1625 3087 1668 3126 A

1053 3161 1105 3200 74
