2014 3392
839 232 1056 280 LIBER
1091 232 1146 280 II

150 373 339 424 reditus
370 373 492 423 fuit:
528 373 668 423 omni
691 372 879 437 quippe
915 371 1167 423 Brundisii
1198 371 1406 422 dimisso
1444 371 1659 422 exercitu
1698 371 1821 420 nihil

150 465 343 520 praeter
379 472 566 505 nomen
603 454 911 519 imperatoris
942 454 1159 504 retinens
1191 470 1307 503 cum
1339 452 1533 517 priuato
1565 453 1818 512 comitatu,

150 553 303 600 quem
327 553 522 600 semper
544 536 615 585 illi
649 553 823 586 uacare
854 535 1005 585 moris
1037 535 1142 595 fuit,
1169 534 1220 583 in
1252 534 1427 584 urbem
1459 534 1603 584 rediit
1640 534 1823 598 magni-

149 618 626 682 ficentissimumque
643 619 708 674 de
726 627 800 667 tot
824 617 1019 682 regibus
1043 634 1130 681 per
1147 617 1358 666 biduum
1376 615 1475 680 egit
1498 616 1819 679 triumphum,

99 715 124 756 5
149 700 398 763 longeque
421 698 659 749 maiorem
684 699 823 749 omni
845 708 962 748 ante
985 715 1039 748 se
1063 698 1215 747 inlata
1237 697 1451 761 pecunia
1480 696 1532 746 in
1563 697 1819 756 aerarium,

148 790 491 845 praeterquam
537 798 569 830 a
614 782 786 841 Pau10,
825 797 886 830 ex
926 779 1174 830 manubiis
1222 779 1398 829 intulit.
1470 779 1678 828 absente
1725 780 1817 830 Cn.
1845 798 1870 834 4

149 862 392 926 Pompeio
437 864 497 912 T.
547 862 760 926 Ampius
807 872 857 912 et
902 864 961 911 T.
1013 861 1264 911 Labienus
1311 860 1497 911 tribuni
1546 862 1611 925 pl.
1661 862 1820 924 legem

148 944 379 1004 tulerunt,
405 953 461 993 ut
483 943 525 993 is
550 943 680 994 ludis
703 943 1007 993 circensibus
1039 960 1226 993 corona
1255 959 1404 992 aurea
1441 951 1490 992 et
1521 941 1661 992 omni
1684 943 1820 991 cultu

149 1024 559 1090 triumphantium
597 1036 827 1086 uteretur,
853 1025 1092 1076 scaenicis
1128 1035 1295 1075 autem
1337 1034 1587 1089 praetexta
1621 1040 1824 1074 corona-

73 1120 130 1151 10
149 1122 250 1171 que
287 1124 448 1157 auroe..
534 1107 587 1158 id
632 1107 715 1157 ille
752 1124 855 1158 non
895 1109 1007 1172 plus
1053 1124 1205 1172 quam
1252 1109 1421 1167 semel,
1463 1116 1513 1156 et
1559 1108 1658 1156 hoc
1704 1123 1822 1156 sane

150 1187 360 1237 nimium
383 1188 489 1248 suit,
516 1205 751 1253 usurpare
788 1188 1032 1239 sustinuit.
1106 1188 1252 1238 huius
1284 1188 1377 1238 uiri
1400 1187 1648 1252 fastigium
1673 1186 1821 1236 tantis

146 1269 376 1320 auctibus
413 1271 612 1320 fortuna
647 1270 833 1331 extulit,
874 1280 929 1320 ut
968 1270 1184 1335 primum
1222 1287 1282 1320 ex
1323 1269 1503 1330 Africa,
1544 1269 1721 1319 iterum
1763 1286 1823 1318 ex

149 1353 365 1415 Europa,
404 1352 550 1402 tertio
595 1369 656 1402 ex
696 1352 817 1402 Asia
856 1351 1179 1416 triumpharet
1216 1361 1280 1412 et,
1323 1360 1447 1416 quot
1487 1361 1649 1415 partes
1688 1350 1821 1400 orbis

148 1442 384 1482 terrarum
420 1443 550 1493 sunt,
593 1433 803 1484 totidem
844 1435 1027 1483 faceret
1066 1432 1375 1483 monimenta
1411 1432 1648 1482 uictoriae
1686 1449 1816 1481 suae.

97 1530 123 1573 5
147 1531 422 1579 numquam
460 1515 731 1565 eminentia
767 1515 957 1565 inuidia
1002 1524 1183 1565 carent.
1211 1568 1216 1579 ¹
1255 1514 1423 1579 itaque
1469 1524 1519 1564 et
1567 1516 1818 1573 Lucullus,
1845 1530 1867 1569 5

146 1614 339 1647 memor
362 1604 390 1647 †
405 1607 572 1647 tamen
603 1608 839 1662 acceptae
870 1597 1090 1658 iniuriae,
1117 1606 1166 1647 et
1200 1598 1435 1647 Metellus
1468 1596 1693 1648 Creticus
1719 1613 1820 1645 non

143 1678 325 1730 iniuste
348 1696 560 1744 querens
585 1679 793 1746 (quippe
816 1689 1165 1730 ornamentum
1196 1678 1434 1743 triumphi
1465 1678 1571 1729 eius
1595 1678 1820 1743 captiuos

143 1762 299 1811 ducoe
337 1760 606 1825 Pompeius
644 1759 966 1826 subduxerat)
1008 1770 1059 1810 et
1095 1778 1212 1810 cum
1250 1760 1309 1810 iis
1350 1777 1462 1825 pars
1504 1760 1818 1824 optimatium

142 1842 487 1907 refragabatur,
528 1859 592 1892 ne
628 1852 714 1892 aut
759 1842 1004 1906 promissa
1049 1842 1333 1892 ciuitatibus
1379 1859 1410 1891 a
1451 1842 1694 1906 Pompeio
1734 1852 1820 1893 aut

142 1922 274 1973 bene
296 1923 482 1973 meritis
506 1923 726 1987 praemia
747 1925 813 1974 ad
836 1923 1091 1973 arbitrium
1116 1923 1222 1973 eius
1246 1925 1655 1987 persoluerentur.

209 2006 419 2055 Secutus
442 2005 627 2055 deinde
650 2015 725 2055 est
748 2007 924 2056 consul
949 2006 1006 2057 C.
1025 2007 1222 2067 Caesar,
1242 2005 1329 2071 qui
1353 2005 1587 2056 scribenti
1612 2024 1817 2056 manum
1839 2015 1900 2062 41

198 2148 218 2176 1
251 2134 485 2175 Brundusii
514 2133 606 2174 ΑΡ
818 2147 846 2186 3
874 2134 931 2175 ἱ11ἰ
953 2148 1109 2176 uacare
1128 2135 1387 2176 Rhenanus:
1426 2135 1495 2176 illa
1525 2135 1659 2177 fatare
1688 2138 1818 2177 moris

141 2189 248 2241 (sata
268 2189 448 2230 remoris
467 2189 531 2242 A)
553 2188 635 2228 PA
656 2204 667 2229 t
701 2188 758 2228 illi
780 2196 922 2230 astare
942 2189 1177 2230 Doederlein
1208 2194 1246 2230 et
1277 2190 1428 2241 Halm,
1453 2191 1650 2242 probante
1683 2192 1731 2232 G.
1754 2193 1812 2233 A.

138 2245 255 2286 Koa·
454 2257 480 2295 5
510 2245 734 2295 pecuniam
754 2244 952 2297 Krorssig
1125 2247 1153 2286 6
1181 2252 1355 2297 praeter
1383 2259 1511 2296 quam
1541 2245 1632 2285 ΑΡ
1793 2261 1816 2299 7

143 2299 189 2341 L.
218 2299 423 2351 Tampius
456 2298 630 2339 Vrsinus
651 2299 867 2340 Labienus
892 2300 1045 2340 benius
1073 2299 1116 2339 A
1142 2301 1232 2351 (sic)
1432 2303 1458 2340 8
1488 2300 1677 2342 tulerunt
1705 2301 1815 2344 AP:

139 2355 327 2396 tulerant
344 2353 562 2394 Aa'dalius
658 2355 694 2395 is
712 2353 912 2395 Vrsinus:
940 2355 978 2394 si
993 2353 1217 2406 AP2s0rt.
1236 2355 1294 2395 uti
1312 2355 1350 2395 is
1370 2356 1481 2395 uelis
1494 2362 1541 2395 ut
1662 2357 1689 2395 8
1707 2362 1745 2396 et
1767 2370 1817 2398 10

138 2423 272 2451 aurea
286 2407 378 2449 ΑΡ
389 2423 400 2449 ε
428 2409 575 2449 laurea
594 2409 763 2461 Lapsius
777 2409 852 2458 bis,
873 2413 919 2449 at
938 2409 1030 2450 ut'cle
1049 2409 1252 2463 Borghesi
1269 2410 1446 2451 Oeuvres
1465 2411 1489 2452 i.
1514 2423 1595 2461 452
1787 2426 1816 2464 9

139 2471 336 2506 uteretur
354 2476 437 2505 om.
461 2464 504 2503 A
617 2463 804 2504 scenicis
823 2463 866 2503 A
980 2470 1176 2516 pretexta
1201 2465 1244 2504 A
1428 2478 1560 2516 11-14
1590 2466 1715 2507 huius
1735 2498 1745 2508 .
1768 2498 1779 2509 .
1803 2499 1815 2509 .

136 2519 430 2614 23⁶3?AE
431 2518 521 2613 ⁸13]
530 2518 674 2626 p¹22⁶5
685 2519 1026 2626 ffm‘f‘mpssi
1050 2519 1362 2615 22'25‘555532?
1367 2520 1502 2614 “⁶⁶32
1513 2523 1814 2627 ⁹131-i132‘313usm

138 2629 335 2670 ternoex
351 2628 562 2680 Hispania
581 2658 592 2668 .
614 2659 625 2670 .
646 2659 656 2669 .
678 2634 823 2679 partes
837 2634 979 2670 teme
999 2660 1009 2670 .
1030 2658 1041 2670 .
1062 2659 1073 2670 .
1095 2630 1358 2670 monimenta
1472 2642 1520 2669 12
1550 2630 1710 2682 primus
1729 2631 1820 2671 ΑΡ

141 2695 193 2735 ¹3
218 2683 336 2735 quod
357 2683 559 2735 (nfidum
585 2683 629 2724 in
647 2687 771 2735 quot)
801 2689 947 2735 parta
977 2683 1092 2724 orbis
1126 2691 1336 2725 terrarum
1366 2685 1456 2725 sint
1488 2691 1587 2725 sunt
1616 2685 1658 2724 A
1692 2686 1814 2736 (αὶ-μ

137 2744 347 2779 terrarum
373 2738 489 2779 orbis
514 2736 559 2777 Ρ
748 2750 798 2788 ¹4
827 2751 1012 2781 monum.
1035 2737 1127 2778 ΑΡ
1318 2741 1368 2779 16
1395 2743 1491 2780 ante
1511 2752 1673 2780 memor
1702 2741 1748 2780 in
1767 2742 1810 2781 A

137 2792 314 2834 deletum
333 2798 392 2835 nt
421 2799 466 2834 et
497 2792 720 2835 Metellus.
752 2793 984 2847 scripserim
1014 2799 1059 2834 et
1091 2792 1195 2835 Met.
1228 2794 1438 2845 Creticus,
1476 2807 1643 2835 memor
1669 2802 1812 2836 tamen

136 2854 342 2899 acceptae
370 2848 548 2888 iniuriae
580 2860 665 2887 non
697 2849 851 2889 iniuste
879 2860 1080 2901 querens,
1104 2849 1266 2900 quippe
1285 2853 1393 2891 διο..
1428 2856 1570 2890 tamen
1583 2848 1680 2902 ΑΡ,
1704 2851 1820 2903 quod

138 2903 280 2943 nu'un
297 2902 466 2955 tangant
482 2902 531 2943 de
548 2902 752 2944 Lucullo:
781 2902 953 2943 tandem
969 2902 1117 2944 Orelli:
1147 2910 1250 2944 ante
1264 2903 1449 2944 Laumu·
1550 2910 1594 2945 et
1612 2904 1813 2947 Metellus

136 2956 208 2998 Cr.
237 2955 353 2997 ΑΡ.
392 2957 615 2999 Craeticus
648 2956 740 3007 del„
770 2957 861 2998 ddn
891 2957 1087 2998 Creticus
1113 2957 1211 3011 A(
1194 2958 1282 3013 (sic)
1453 2972 1470 2999 1
1530 2972 1744 3011 quaerens
1766 2961 1809 2999 A

142 3012 192 3052 18
219 3012 329 3052 duos
354 3019 558 3065 suprascr:
589 3012 722 3053 duces
740 3011 815 3052 sed
837 3012 946 3053 duos
965 3025 1049 3053 non
1067 3025 1183 3052 eraso
1204 3012 1280 3055 A·
1308 3013 1444 3054 ducus
1462 2972 1529 3054 Ρ.
1558 3015 1692 3056 duces
1712 3028 1808 3057 corr.

137 3079 371 3121 Rhenanus
535 3093 584 3122 21
616 3074 740 3123 CUS'
750 3080 825 3123 A
854 3080 1112 3122 Consulatus
1137 3080 1181 3121 Ρ
1293 3082 1341 3124 C.
1365 3076 1554 3148 Caesar]
1571 3084 1659 3138 qui,
1676 3084 1815 3126 demde

137 3134 174 3175 is
198 3139 293 3176 ante
308 3134 382 3187 qui
402 3133 495 3179 add.
517 3141 647 3190 supra
674 3137 827 3179 umam
853 3134 928 3178 A.
957 3136 1006 3179 C.
1027 3136 1225 3179 Caesaris
1244 3135 1295 3192 Ρ,
1318 3150 1464 3180 comm
1483 3152 1534 3180 ex
1551 3139 1592 3179 A

942 3221 997 3266 59
