2014 3392
816 206 1033 255 LIBER
1068 205 1124 254 11

42 229 59 320 ἔ

44 341 53 366 ”
135 344 286 394 flixit:
327 344 468 395 cuius
499 344 753 396 commissi
784 346 1061 411 patratique
1091 346 1186 396 sub
1218 346 1336 411 ipsis
1369 346 1632 397 moenibus
1664 346 1806 397 focis-

135 443 235 491 que
285 426 420 476 urbis
473 429 734 477 Romanae
779 427 1116 492 pugnantibus
1168 427 1607 492 spectantibusque
1653 445 1804 492 quam

37 500 56 616 ξ
134 506 279 557 fuerit
319 517 529 557 euentus
570 507 843 568 exitiabilis,
882 508 964 558 uix
1003 508 1169 558 uerbis
1204 508 1410 573 exprimi
1444 518 1620 572 potest.
1693 517 1806 572 post
1829 523 1854 560 4

38 619 51 630 ·
135 589 234 638 hoc
257 605 372 638 cum
397 599 663 653 utrumque
686 589 954 639 exercitum
979 591 1116 640 uelut
1143 606 1318 654 parum
1348 590 1481 639 bello
1513 591 1805 639 exhaustum

33 633 57 726 i
88 692 112 732 5
135 670 369 719 laceraret
392 670 686 734 pestilentia,
713 671 806 722 Cn.
835 670 1105 735 Pompeius
1129 670 1355 721 decessit.
1418 670 1558 720 cuius
1582 669 1806 720 interitus

134 751 366 814 uoluptas
410 751 705 801 amissorum
745 761 831 801 aut
871 752 1037 816 gladio
1076 761 1162 802 aut
1203 753 1380 802 morbo
1421 752 1607 802 ciuium
1648 769 1808 816 paene

134 832 322 881 damno
372 842 631 895 repensata
680 842 768 892 est,
817 834 1133 897 populusque
1181 835 1441 883 Romanus
1491 850 1642 898 quam
1689 832 1808 882 uiuo

134 911 442 962 iracundiam
475 913 729 974 debuerat,
761 913 812 962 in
845 930 1025 978 corpus
1054 914 1236 964 mortui
1265 914 1487 964 contulit.
1561 931 1649 964 seu
1678 916 1808 964 duae
1831 931 1853 970 5

135 1009 224 1043 seu
265 1003 363 1044 tres
398 994 751 1062 Pompeiorum
787 997 924 1045 fuere
960 995 1188 1056 familiae,
1225 995 1413 1060 primus
1451 994 1556 1045 eius
1592 995 1808 1045 nominis

23 1115 30 1128 .
62 1097 116 1128 10
135 1084 253 1124 ante
297 1092 458 1125 annos
503 1077 604 1126 fere
649 1091 826 1125 evan
871 1077 933 1139 Q.
979 1076 1248 1141 Pompeius
1294 1093 1410 1126 cum
1458 1077 1550 1127 Cn.
1601 1075 1809 1126 Seruilio

136 1158 312 1206 consul
358 1157 463 1207 fuit.
553 1157 718 1209 Cinna
757 1168 807 1208 et
850 1159 1038 1209 Marius
1079 1161 1215 1209 haud
1255 1158 1524 1208 incruentis
1562 1157 1810 1223 utrimque
1826 1165 1857 1205 ·6

135 1237 490 1288 certaminibus
513 1238 659 1289 editis
683 1239 858 1289 urbem
883 1249 1269 1304 occupauerunt,
1295 1241 1385 1290 sed
1408 1239 1541 1304 prior
1563 1239 1810 1304 ingressus

137 1318 303 1371 Cinna
325 1321 391 1369 de
413 1319 700 1384 recipiendo
727 1320 890 1370 Mario
914 1322 1073 1386 legem
1098 1321 1222 1371 tulit.

207 1403 332 1451 Mox
382 1403 439 1453 C.
492 1401 682 1452 Marius
727 1402 961 1466 pestifero
1007 1402 1201 1452 ciuibus
1253 1401 1354 1452 suis
1399 1401 1561 1452 reditu
1612 1401 1811 1451 intrauit
1832 1418 1898 1454 22

20 1489 29 1560 ι
63 1495 116 1539 ¹5
138 1483 350 1533 moenia.
446 1483 569 1533 nihil
627 1484 711 1533 illa
755 1484 963 1534 uictoria
1020 1484 1191 1534 fuisset
1237 1483 1500 1543 crudeliuS,
1554 1482 1647 1533 nisi
1694 1499 1811 1533 mox

21 1562 28 1582 ³
137 1565 340 1615 Sullana
362 1574 493 1615 esset
515 1574 717 1626 secuta3
751 1582 915 1630 neque
938 1564 1138 1615 licentia
1159 1564 1437 1629 gladiorum
1461 1564 1512 1613 in
1542 1563 1813 1614 mediocria
1838 1591 1856 1617 2

135 1645 396 1707 saeuitum,
450 1647 540 1696 sed
597 1645 916 1696 excelsissimi
974 1663 1176 1711 quoque
1232 1655 1382 1710 atque
1433 1644 1813 1695 eminentissimi

43 1765 48 1772 .
136 1727 350 1778 ciuitatis
387 1727 479 1778 uiri
516 1727 663 1778 uariis
701 1727 1055 1792 suppliciorum
1093 1727 1355 1792 generibus
1392 1726 1587 1776 adfecti.
1661 1726 1712 1775 in
1754 1725 1812 1775 iis

137 1811 314 1860 consul
356 1808 612 1870 OctauiuS,
652 1808 727 1858 uir
767 1808 1006 1859 lenissimi
1045 1808 1214 1870 animi,
1257 1807 1393 1858 iussu
1436 1807 1629 1859 Cinnae
1670 1807 1814 1858 inter-

18 1908 25 1918 ·
65 1907 117 1938 ιο
138 1892 296 1941 fectus
337 1900 424 1941 est.
499 1892 694 1940 Merula
730 1900 913 1951 autem,
953 1890 1039 1955 qui
1077 1907 1130 1940 se
1171 1890 1265 1940 sub
1301 1891 1576 1939 aduentum
1619 1888 1813 1940 Cinnae

137 1973 399 2023 consulatu
433 1971 766 2032 abdicauerat,
804 1971 971 2022 incisis
1006 1971 1147 2022 uenis
1184 1973 1543 2035 superfusoque
1577 1969 1812 2020 altaribus

138 2054 392 2119 sanguine,
426 2070 554 2119 quos
586 2070 735 2118 saepe
763 2070 853 2118 pro
888 2055 1046 2104 salute
1080 2053 1150 2104 rei
1185 2052 1415 2118 publicae
1450 2054 1633 2101 flamen
1670 2051 1812 2101 dialis

137 2146 366 2201 precatus
390 2145 492 2185 erat
516 2136 654 2195 deOS,
681 2151 768 2184 eos
791 2134 843 2184 in
867 2134 1255 2185 exsecrationem
1281 2133 1474 2185 Cinnae
1498 2132 1813 2197 partiumque

138 2217 246 2268 eius
278 2227 385 2267 tum
414 2226 642 2281 precatus
675 2215 864 2280 optime
901 2217 966 2266 de
1001 2232 1053 2265 re
1088 2214 1289 2280 publica
1324 2214 1554 2264 meritum
1587 2213 1813 2278 spiritum

65 2315 115 2357 αξ
138 2298 368 2350 reddidit.
433 2300 504 2347 M.
533 2297 797 2358 AntoniuS,
818 2297 1048 2362 princeps
1072 2296 1284 2347 ciuitatis
1307 2306 1459 2361 atque
1482 2294 1811 2359 eloquentiae,
1838 2326 1861 2364 3

137 2380 314 2446 gladiis
338 2379 566 2439 militum,
592 2395 720 2444 quos
743 2378 878 2443 ipsos
906 2377 1139 2428 facundia
1170 2394 1260 2428 sua
1283 2386 1502 2427 moratus
1534 2386 1651 2437 erat,
1676 2375 1812 2426 iussu

198 2524 216 2552 ι
249 2510 471 2563 paratique
489 2508 533 2548 A
648 2508 842 2560 focisque
863 2507 990 2549 Voss:
1019 2508 1234 2559 sociisque
1245 2506 1337 2547 ΑΡ
1349 2521 1359 2548 :
1389 2507 1600 2558 fossisque
1615 2507 1816 2547 Heinsius

136 2570 175 2606 et
193 2565 388 2618 Bentley:
416 2564 636 2615 oculisque
656 2563 852 2616 Lipsius:
881 2564 1091 2615 tectisque
1113 2563 1364 2603 Comeli-ism
1528 2574 1554 2612 3
1585 2561 1729 2601 uerbis
1748 2560 1815 2602 P:

138 2620 204 2662 bis
222 2619 265 2659 A
378 2631 406 2671 5
433 2624 529 2660 ante
546 2619 734 2659 decessit
752 2618 966 2671 supplebat
984 2618 1155 2671 Sauppe
1173 2618 1228 2658 de
1249 2617 1372 2657 caelo
1391 2622 1532 2656 tactus
1553 2616 1618 2655 uel
1636 2616 1814 2656 fulmine

138 2695 248 2730 tetus
388 2702 418 2740 9
444 2701 522 2729 seu
543 2693 631 2728 tres
649 2686 715 2726 P:
742 2700 792 2727 se
817 2693 863 2727 ut
883 2699 953 2727 res
971 2686 1014 2725 A
1174 2699 1225 2726 10
1251 2698 1397 2726 chvu
1418 2684 1502 2725 ΒΑ
1523 2699 1534 2726 :
1563 2697 1725 2725 chvui
1748 2684 1815 2726 P:

137 2755 286 2785 cuxn
309 2743 494 2784 Launnt
580 2742 633 2794 Q.
657 2742 871 2783 Geleniusz
898 2754 1024 2793 quem
1044 2740 1087 2780 A
1108 2754 1119 2781 ε
1146 2754 1274 2792 quam
1293 2740 1336 2780 P
1446 2752 1491 2781 11
1515 2740 1711 2791 utrinque
1728 2738 1819 2779 ΑΡ

142 2825 190 2862 ¹⁴
211 2812 283 2855 C]
300 2806 392 2854 CN.
409 2811 451 2851 A
472 2826 484 2852 :
511 2810 602 2852 CN.
621 2809 666 2850 P
775 2812 824 2849 16
843 2811 886 2850 in
903 2809 1159 2851 mediocriA
1181 2824 1192 2851 t
1221 2809 1484 2849 immediocri
1499 2809 1540 2849 Β
1557 2823 1567 2849 z
1598 2808 1640 2848 in
1655 2809 1813 2849 medio-

138 2868 248 2908 creis
263 2866 330 2908 P:
359 2866 403 2906 in
423 2865 650 2907 mediocris
665 2864 910 2906 Annaliun
949 2865 991 2905 in
1013 2864 1243 2905 mediocria
1262 2863 1427 2916 Popma
1596 2875 1643 2915 17
1673 2862 1813 2904 excel-

137 2922 527 3015 sissimaelguoque
556 2933 597 2962 a.
619 2919 986 2960 eminentissimae
1005 2919 1102 2970 ΑΡ,
1124 2933 1204 2960 em.
1229 2918 1429 2959 Heinsius
1567 2930 1622 2959 σο
1649 2918 1814 2959 Cinnae

138 2976 267 3019 COS.
294 2976 338 3015 A
545 2987 599 3026 23
626 2986 770 3015 execr.
790 2973 880 3013 ΑΡ
995 2974 1177 3026 partium
1197 2986 1294 3032 quae
1313 2972 1355 3012 A
1523 2985 1578 3025 24
1606 2986 1663 3014 an
1684 2975 1813 3014 tunc?

141 3035 358 3084 pinacem:
377 3029 419 3070 A
588 3041 642 3081 25
670 3029 918 3070 Anthonius
937 3028 980 3068 A

957 3132 1008 3177 39
