2014 3392
695 232 952 281 VELLEI
992 233 1392 284 PATERCVLI

158 374 187 424 7
277 371 433 419 Hunc
471 370 546 420 Ti.
576 371 787 422 Gracchi
825 372 977 434 liberi,
1018 376 1069 423 P.
1109 374 1353 438 Scipionis
1391 375 1610 424 Africani
1649 385 1870 439 nepotes,

209 449 324 498 uiua
378 451 544 501 adhuc
590 462 744 502 matre
803 454 1047 514 Cornelia,
1097 455 1315 504 Africani
1373 455 1484 516 filia,
1535 455 1626 504 uiri
1673 456 1874 519 optimis

208 531 419 594 ingeniis
453 535 582 583 male
617 534 707 595 usi,
734 534 866 584 uitae
901 536 1172 600 mortisque
1209 538 1426 586 habuere
1455 537 1669 586 exitum:
1711 537 1796 601 qui
1832 537 1874 587 si

210 611 407 662 ciuilem
454 613 704 677 dignitatis
743 616 1092 680 concupissent
1139 620 1361 679 modum,
1406 619 1651 683 quidquid
1697 621 1875 668 tumul·
1988 675 2010 691 .-

209 695 397 743 tuando
443 695 651 758 adipisci
696 696 976 760 gestierunt,
1018 697 1195 761 quietis
1237 699 1495 749 obtulisset
1536 716 1611 749 res
1658 700 1871 763 publica.
1900 719 1921 759 5

163 789 182 816 2
208 774 324 823 huic
369 776 613 826 atrocitati
657 778 908 827 adiectum
955 781 1114 828 scelus
1160 779 1376 829 unicum.
1450 780 1634 844 quippe
1680 781 1874 831 iuuenis
1990 772 1994 794 ¹

208 855 373 918 specie
404 860 648 908 excellens
680 861 897 909 necdum
929 860 1391 910 duodeuicesimum
1430 871 1756 925 transgressus
1792 880 1876 912 an-

208 955 329 987 num
387 938 705 1004 inmunisque
762 940 1055 990 delictorum
1113 951 1443 1006 paternorum,
1506 943 1651 992 Fului
1680 961 1682 963 ·
1710 944 1875 993 Flacci

208 1018 349 1078 filius,
399 1036 549 1083 quern
595 1030 734 1083 pater
779 1023 994 1084 legatum
1035 1024 1099 1072 de
1137 1023 1516 1073 condicionibus
1558 1024 1768 1085 miserat,
1808 1026 1874 1074 ab

208 1099 411 1161 Opimio
435 1099 758 1165 interemptus
783 1111 869 1151 est.
943 1119 1092 1167 quem
1118 1121 1233 1152 cum
1264 1105 1507 1168 haruspex
1538 1107 1732 1154 Tuscus
1756 1105 1875 1154 ami·
1900 1127 1952 1155 10
1982 1103 1993 1119 ⁶

207 1197 293 1228 cus
335 1182 536 1230 flentem
578 1181 630 1230 in
670 1182 871 1231 uincula
907 1183 1023 1233 duci
1061 1183 1280 1245 uidisset,
1307 1185 1428 1248 quin
1466 1194 1519 1234 tu
1557 1187 1655 1235 hoc
1691 1186 1871 1249 potius,
1983 1175 1986 1181 ¹

206 1261 380 1324 inquit,
407 1262 563 1311 facis?
619 1263 944 1328 protinusque
968 1264 1114 1314 inliso
1139 1265 1299 1329 capite
1327 1265 1379 1314 in
1403 1275 1598 1329 postem
1622 1267 1875 1330 lapideum

161 1348 183 1386 3
206 1342 383 1392 ianuae
420 1343 625 1393 carceris
667 1346 923 1408 effusoque
961 1346 1164 1395 cerebro
1203 1346 1478 1409 exspirauit.
1552 1349 1876 1411 crudelesque

208 1442 323 1474 mox
348 1425 662 1489 quaestiones
691 1415 749 1475 inv
775 1426 963 1476 amicos
995 1427 1288 1491 clientisque
1313 1429 1651 1477 Gracchorum
1676 1428 1875 1478 habitae

209 1516 334 1555 sunt.
409 1508 498 1556 sed
540 1507 811 1570 Opimium,
854 1507 1015 1556 uirum
1056 1507 1243 1572 alioqui
1289 1518 1515 1558 sanctum
1563 1518 1611 1558 et
1657 1526 1873 1572 grauem,
1906 1532 1952 1572 15
1974 1511 2012 1554 ’ᾳ

208 1589 499 1637 damnatum
527 1598 701 1652 postea
731 1588 917 1638 iudicio
948 1589 1152 1652 publico
1189 1589 1428 1639 memoria
1464 1589 1604 1639 istius
1642 1589 1876 1639 saeuitiae

156 1692 182 1728 4
208 1670 343 1717 nulla
378 1668 536 1718 ciuilis
567 1679 830 1732 prosecuta
866 1679 940 1718 est
978 1669 1324 1720 misericordia.
1398 1672 1574 1719 eadem
1617 1670 1875 1734 Rupilium

210 1749 570 1814 Popiliumque‚
620 1750 706 1813 qui
752 1752 981 1800 consules
1035 1751 1300 1814 asperrime
1346 1751 1398 1800 in
1445 1751 1615 1800 Tiberi
1662 1752 1876 1801 Gracchi

206 1831 392 1880 amicos
440 1830 728 1891 saeuierant‚
777 1841 951 1894 postea
996 1831 1291 1899 iudiciorum
1338 1832 1651 1895 publicorum
1698 1832 1874 1882 merito

205 1911 448 1975 oppressit
475 1911 676 1961 inuidia.
749 1912 819 1961 rei
855 1922 1021 1962 tantae
1052 1930 1226 1976 parum
1261 1914 1327 1962 ad
1361 1913 1587 1962 notitiam
1622 1913 1874 1976 pertinens
1902 1939 1952 1967 20

159 2007 180 2045 5
203 1993 554 2056 interponetur.
627 1992 710 2042 hic
756 2003 831 2042 est
872 1993 1116 2057 Opimius,
1158 2011 1188 2042 a
1235 2011 1336 2057 quo
1378 1996 1582 2044 consule
1623 1994 1876 2044 celeberri-

206 2091 345 2122 mum
404 2073 658 2137 Opimiani
715 2073 820 2123 uini
878 2092 1095 2136 nomen3
1164 2076 1302 2138 quod
1358 2075 1458 2124 iam
1516 2077 1708 2124 nullum
1767 2092 1876 2125 esse

206 2154 366 2217 spatio
412 2171 656 2203 annorum
712 2154 875 2218 colligi
926 2165 1104 2218 potest,
1160 2172 1275 2204 cum
1323 2156 1388 2204 ab
1438 2173 1499 2205 eo
1554 2156 1651 2206 sint
1696 2158 1762 2205 ad
1808 2166 1872 2217 te,

156 2243 181 2283 6
207 2238 278 2284 M.
322 2235 503 2296 Vinici,
561 2238 818 2285 consulem
875 2237 993 2285 anni
1051 2242 1192 2286 †CL1.
1287 2239 1472 2286 factum
1525 2237 1709 2301 Opimi,
1770 2255 1873 2302 quo

205 2316 571 2365 inimicitiarum
607 2316 829 2380 quaesita
866 2326 967 2366 erat
1008 2317 1144 2378 ultio,
1185 2317 1348 2367 minor
1384 2327 1553 2367 secuta
1591 2319 1870 2380 auctoritas,
1900 2333 1947 2371 ²5
1973 2321 1976 2326 '

739 2443 796 2478 Sci
825 2470 833 2477 .

264 2501 283 2526 1
315 2487 402 2539 Ti.]
436 2487 483 2528 C.
506 2486 597 2526 ΑΡ
704 2487 751 2528 P.
798 2456 1012 2527 pAfricani
1032 2489 1074 2527 A
1109 2489 1197 2539 (sic)
1365 2502 1390 2528 2
1419 2488 1612 2528 Africani
1641 2489 1727 2528 filia
1762 2490 1875 2528 uncis

207 2541 433 2581 includebat
450 2542 617 2591 Bentley
634 2546 792 2580 secutus
814 2542 1039 2581 Hez'nsium
1205 2556 1231 2592 4
1260 2542 1493 2593 dignitates
1513 2544 1555 2583 A
1668 2544 1872 2594 quidquid

209 2599 247 2635 A
267 2609 279 2634 t
310 2595 512 2646 quicquid
531 2595 575 2634 P
691 2597 718 2634 8
744 2597 942 2646 imunisq.
966 2597 1008 2635 A
1133 2597 1246 2636 imm.
1267 2598 1310 2637 P
1438 2610 1487 2636 12
1516 2603 1684 2648 postem
1705 2598 1873 2637 Aldus:

205 2656 381 2700 pontem
399 2651 490 2689 ΑΡ
643 2663 691 2701 13
721 2664 816 2701 exp.
840 2650 883 2688 P
962 2651 1227 2702 crudelisque
1240 2651 1298 2703 A,
1316 2652 1499 2691 crudelis
1519 2666 1655 2702 aeque
1674 2653 1875 2691 Heinsius

200 2705 316 2756 prob.
330 2706 499 2756 Bentley
630 2717 680 2755 14
709 2706 970 2755 clientesque
989 2705 1081 2744 ΑΡ
1217 2718 1265 2756 15
1294 2706 1481 2757 alioquin
1501 2706 1559 2756 A,
1577 2707 1651 2746 sed
1666 2707 1708 2747 ii.
1732 2719 1770 2746 2.
1793 2720 1818 2745 2
1838 2711 1875 2744 et

205 2773 268 2810 33.
302 2773 328 2808 4
357 2759 517 2810 alioqui
549 2772 656 2799 sane
685 2765 774 2799 tum
801 2767 1003 2812 suprascr.
1032 2767 1227 2799 sanctum
1250 2760 1293 2798 A
1443 2762 1492 2799 16
1521 2760 1643 2800 istius
1675 2760 1873 2800 Cludius:

206 2815 340 2863 ipsius
359 2814 450 2853 ΑΡ
519 2815 710 2854 seuetiae
731 2814 782 2852 ‘A
877 2827 924 2864 17
955 2821 1182 2864 persecuta
1200 2815 1297 2866 ΑΡ,
1320 2828 1398 2855 em.
1423 2815 1594 2856 Cludz'us
1664 2815 1872 2854 Rutilium

206 2868 302 2918 ΑΡ,
326 2882 405 2909 em.
425 2868 568 2908 Aldus
718 2870 769 2908 18
796 2868 955 2908 Tiberii
975 2870 1017 2908 P
1143 2883 1197 2909 20
1226 2870 1268 2908 id
1289 2874 1388 2921 post
1404 2883 1556 2920 parum
1583 2869 1678 2909 add.
1706 2869 1874 2919 Bentley

207 2935 256 2960 21
290 2923 588 2974 interponatur
605 2923 806 2962 Heinsius
823 2928 861 2962 et
878 2923 1045 2974 Bentley
1199 2937 1252 2963 22
1281 2923 1371 2962 uini
1391 2937 1524 2976 marg.
1545 2923 1588 2962 A
1610 2937 1620 2963 τ
1638 2924 1778 2975 ,υἰείῐιί
1797 2923 1840 2961 Α
1862 2937 1872 2962 2
1968 2963 1970 2965 .

208 2977 290 3016 uici
309 2977 353 3016 P
441 2991 494 3029 23
522 2978 609 3017 sint
629 2977 712 3016 BA
734 2991 744 3016 ε
773 2991 856 3018 om.
876 2977 919 3016 P
1002 2991 1056 3028 24
1084 2991 1152 3018 c1.1
1171 2978 1284 3017 AP:
1313 2990 1364 3017 eL
1384 2978 1552 3018 Aldus:
1581 2991 1666 3018 ctu
1690 2978 1875 3017 Laurent
1951 3017 1955 3020 .

209 3031 350 3082 Opimi
370 3032 459 3071 ΑΡ
564 3033 677 3082 quod
697 3031 810 3071 AP:
838 3045 922 3082 quo
942 3032 1141 3072 Heinsius
1158 3037 1196 3072 et
1213 3033 1379 3084 Bentley

1016 3153 1064 3193 26
