2014 3444
675 308 682 312 .
695 261 1239 312 PROLEGOMENA

133 408 252 457 Non
299 405 433 456 enim
480 415 666 455 temere
712 403 888 453 uideor
932 412 1218 452 autumasse
1264 400 1651 450 Amerbachiani
1689 416 1806 465 apo-

43 485 46 489 *
129 494 302 560 graphi
326 511 437 544 eam
462 493 680 558 speciem
706 509 815 542 esse
838 501 894 541 ut
917 491 969 540 in
994 507 1175 554 magna
1206 506 1369 539 rerum
1402 499 1562 553 strage
1595 488 1806 553 supersit

130 593 298 634 tamen
345 584 481 633 unde
529 581 692 631 Vellei
741 581 983 631 dissoluta
1022 581 1204 629 domus
1253 588 1484 642 resurgat.
1575 578 1805 628 Bentleio

126 683 260 722 certe
274 672 357 721 uix
374 671 489 721 licet
506 669 808 734 adstipulari,
829 668 916 733 qui
933 685 1068 718 anno
1089 686 1109 716 1
1121 683 1145 730 7
1157 685 1215 731 13
1235 667 1470 727 scribens,
1489 668 1803 716 Paterculum

78 771 82 774 ’
127 777 243 810 cum
275 759 548 824 Hesychi0,
582 769 848 822 utrumque
883 774 944 807 ex
978 773 1082 806 uno
1116 755 1292 806 codice
1323 757 1644 819 pendentem,
1671 771 1805 804 com-

125 849 345 913 parabat,
373 835 708 911 'docebatque
767 855 842 895 tot
891 845 944 894 in
991 854 1203 908 utroque
1249 844 1376 894 libro
1422 842 1635 893 inueniri
1683 842 1805 892 uitia

124 937 411 997 scribarum,
438 936 507 986 ita
533 936 641 986 sine
671 934 895 985 remedio
923 951 1032 984 esse
1056 932 1452 998 deprauationeS,
1480 942 1548 993 ut,
1575 949 1691 981 cum
1715 948 1805 995 per

124 1027 369 1075 ducentos
391 1041 551 1075 annos
576 1023 668 1074 uiri
691 1022 967 1074 doctissimi
984 1032 1135 1086 atque
1159 1020 1460 1086 sagacissimi
1485 1020 1632 1070 crisin
1656 1020 1708 1069 in
1733 1020 1805 1070 eis

124 1113 470 1174 exercuissent,
507 1122 674 1162 essent
720 1121 888 1161 tamen
938 1110 1087 1160 etiam
1130 1120 1236 1160 tum
1278 1126 1497 1159 errorum
1546 1108 1802 1173 congeries

122 1203 332 1252 confusa
359 1202 745 1265 uiderenturque
769 1200 955 1250 futuri¹.
1035 1202 1102 1249 At
1126 1216 1246 1249 uero
1269 1198 1538 1263 plurimum
1563 1198 1615 1247 in
1640 1200 1803 1248 Pater-

122 1292 238 1340 culo
288 1290 595 1340 raetituendo
645 1299 695 1339 et
740 1299 857 1339 ante
903 1287 1224 1338 Amffibachii
1270 1297 1525 1351 receptum
1572 1286 1800 1336 codicem

124 1378 471 1442 Wopkensius,
496 1377 717 1442 aequalis
743 1376 951 1437 Bentlei‚
973 1385 1022 1426 et
1047 1375 1380 1425 Ruhnkenius
1398 1377 1727 1439 profecerunt,
1753 1384 1804 1425 et

122 1477 324 1531 recepto
348 1467 446 1516 iam
482 1466 659 1517 codice
694 1465 924 1527 OrelliuS,
965 1464 1195 1525 KritziuS,
1229 1463 1511 1525 MaduicuS,
1548 1463 1796 1513 Halmius.

123 1557 235 1606 Nec
279 1565 448 1605 tamen
495 1554 692 1615 infitior,
735 1554 788 1604 id
834 1555 974 1618 quod
1020 1570 1080 1603 ex
1126 1552 1373 1617 congestis
1420 1552 1472 1601 in
1519 1554 1596 1602 ed.
1644 1552 1796 1602 Kritz.

121 1643 558 1694 emendationibus
587 1642 832 1692 Paterculi
855 1641 1003 1691 nimis
1028 1651 1102 1691 est
1126 1641 1177 1690 in
1196 1642 1474 1705 propatu10,
1502 1657 1605 1691 non
1639 1657 1801 1706 pauca

120 1749 379 1798 superesse
401 1749 531 1797 quae
563 1742 618 1782 ut
652 1749 756 1782 non
775 1731 874 1781 sint
897 1730 1204 1792 insanabilia,
1231 1740 1405 1780 sanata
1427 1739 1559 1780 certe
1594 1747 1625 1780 a
1659 1732 1799 1780 nullo

121 1822 363 1872 hactenus
397 1821 590 1872 fuerint.
666 1823 785 1871 Hoc
809 1830 884 1870 est
907 1837 995 1870 cur
1018 1822 1131 1869 Am.
1158 1821 1483 1884 apographon
1509 1818 1598 1886 (A)
1628 1821 1798 1870 denuo

120 1910 471 1961 excutiendum
496 1909 813 1975 susceperim,
848 1909 1117 1973 omniaque
1140 1908 1259 1959 inde
1283 1908 1526 1958 enotarim
1550 1925 1680 1973 quae
1704 1925 1798 1973 ego

119 2009 171 2050 et
209 2010 327 2050 ante
367 2017 449 2050 me
491 2000 759 2050 Fechterus
799 1998 866 2048 ab
904 1997 1092 2049 Orellio
1127 1997 1470 2062 praetermissa
1505 1999 1586 2046 uel
1622 1997 1799 2047 iniuria

121 2088 458 2139 Amerbachio
479 2088 731 2139 adtributa
753 2086 1149 2138 intellexerimus.

175 2218 188 2243 ¹
219 2218 430 2259 Remarks
453 2232 569 2271 upon
598 2231 624 2259 a
651 2218 736 2259 late
764 2218 983 2259 discourse
1012 2217 1061 2257 of
1085 2217 1425 2269 Free-thinking,
1451 2217 1615 2257 section
1639 2229 1692 2268 32
1717 2218 1796 2259 ‘In

119 2287 300 2340 profane
318 2288 496 2328 authors
526 2291 594 2338 (as
619 2287 725 2338 they
752 2299 828 2327 are
856 2286 1026 2337 called),
1059 2285 1258 2326 whereof
1281 2298 1366 2325 one
1397 2288 1661 2338 manuscript
1692 2288 1797 2340 only

119 2351 204 2393 lud
237 2353 311 2393 the
343 2353 440 2393 luck
474 2359 519 2393 to
557 2353 612 2393 be
649 2352 898 2404 preserved,
936 2364 985 2391 as
1021 2350 1212 2391 Velleius
1251 2350 1503 2391 paterculus
1534 2364 1690 2403 among
1720 2354 1796 2393 the

123 2417 284 2468 latins,
308 2419 393 2459 and
419 2418 668 2470 Hesychius
695 2431 854 2470 among
880 2418 956 2458 the
984 2417 1164 2467 Greeks,
1195 2417 1269 2457 the
1304 2417 1432 2457 saults
1461 2417 1511 2457 of
1535 2418 1607 2457 the
1636 2419 1797 2459 scribes

117 2497 194 2525 are
214 2484 345 2525 found
364 2497 414 2525 so
441 2497 688 2535 numerous,
717 2485 801 2524 and
830 2484 905 2525 the
934 2483 1101 2524 defects
1128 2495 1178 2524 so
1206 2483 1380 2535 beyond
1409 2483 1463 2524 all
1494 2485 1676 2535 redress,
1702 2486 1795 2527 that

119 2549 510 2602 notwithstanding
546 2550 622 2591 the
661 2550 906 2591 learnedest
933 2551 1019 2591 and
1046 2556 1211 2609 acutest
1240 2551 1384 2591 critics
1423 2551 1489 2590 for
1526 2557 1615 2592 two
1648 2553 1795 2594 whole

120 2620 350 2672 oenmries,
373 2620 496 2662 thoee
514 2619 651 2660 books
670 2633 744 2660 are
763 2619 866 2671 still,
884 2619 969 2661 and
987 2631 1068 2660 are
1091 2619 1176 2660 like
1197 2625 1241 2660 to
1262 2618 1476 2671 continue,
1499 2633 1524 2660 a
1545 2632 1661 2662 mere
1681 2621 1794 2674 heap

120 2686 172 2726 of
182 2685 350 2727 erma!

914 3149 1015 3189 xxiii
