2014 3392
785 257 1002 304 LIBER
1038 256 1093 305 II

104 403 207 444 erat
247 393 299 443 in
337 392 618 452 Germania,
661 401 923 456 praeesset,
966 391 1196 455 concepit
1242 409 1351 442 esse
1397 391 1640 451 homines,
1689 389 1775 454 qui

103 475 227 525 nihil
250 485 442 540 praeter
462 491 643 525 uocem
667 475 990 538 membraque
1022 474 1261 524 haberent
1285 474 1561 535 hominum,
1587 473 1774 538 quique

101 556 277 621 gladiis
309 556 501 607 domari
538 573 641 606 non
679 565 920 619 poterant,
947 571 1095 619 posse
1122 554 1227 604 iure
1250 555 1467 604 mulceri.
1540 572 1643 619 quo
1666 571 1775 619 pro-
1796 570 1823 604 4

102 638 267 703 posito
291 638 509 689 mediam
540 637 787 702 ingressus
823 637 1142 688 Germaniam
1170 639 1308 687 uelut
1331 636 1459 687 inter
1481 636 1614 687 uiros
1638 636 1774 701 pacis

100 720 363 785 gaudentis
397 719 664 770 dulcedine
698 718 1119 769 iurisdictionibus
1164 720 1461 783 agendoque
1496 736 1586 783 pro
1627 719 1776 768 tribu-

101 802 201 851 nali
224 802 400 852 ordine
423 802 648 851 trahebat
669 801 871 851 aestiua„

170 886 238 933 At
262 883 346 943 illi,
376 884 516 947 quod
550 882 645 932 nisi
680 892 907 947 expertus
944 881 1024 931 vix
1058 883 1240 942 credat,
1274 882 1326 931 in
1359 899 1555 931 summa
1582 881 1772 932 feritate
1798 882 1877 930 118

101 964 425 1014 uersutissimi
470 974 744 1028 natumque
784 963 1048 1014 mendacio
1084 980 1255 1028 genus,
1299 963 1587 1013 simulantes
1633 965 1772 1013 fictas

101 1047 261 1097 litium
297 1047 446 1097 series
481 1058 531 1097 et
571 1065 706 1097 nunc
743 1057 1074 1111 prouocantes
1095 1049 1232 1096 alter
1268 1049 1476 1097 alterurn
1514 1046 1566 1096 in
1603 1046 1770 1111 iurgia,

101 1145 237 1178 nunc
280 1139 483 1193 agentes
529 1129 720 1193 gratiaS,
769 1130 909 1193 quod
965 1145 1026 1178 ea
1084 1131 1316 1178 Romana
1372 1127 1556 1178 iustitia
1613 1128 1774 1178 finiret

99 1211 365 1276 feritasque
399 1229 490 1261 sua
523 1211 746 1262 nouitate
780 1210 1062 1275 incognitae
1097 1210 1387 1275 disciplinae
1411 1210 1689 1260 mitesceret
1724 1220 1774 1260 et

99 1293 246 1344 solita
274 1294 423 1344 armis
458 1293 672 1344 discerni
707 1293 812 1344 iure
847 1293 1237 1354 terminarentur,
1264 1293 1316 1343 in
1341 1310 1588 1343 summam
1613 1310 1774 1343 socor-

99 1375 235 1426 diam
282 1378 554 1440 perduxere
601 1375 916 1439 Quintilium,
964 1392 1124 1439 usque
1170 1392 1246 1436 eo,
1295 1385 1350 1424 ut
1396 1392 1450 1425 se
1496 1384 1773 1439 praetorem

98 1457 345 1507 urbanum
392 1457 443 1506 in
490 1459 598 1507 foro
644 1457 720 1507 ius
766 1457 945 1517 dicere,
995 1474 1099 1507 non
1145 1456 1196 1506 in
1243 1457 1421 1508 mediis
1476 1457 1774 1508 Germaniae

99 1538 284 1588 finibus
329 1539 563 1589 exercitui
604 1556 831 1604 praeesse
877 1541 1111 1589 crederet.
1198 1549 1306 1589 tum
1352 1539 1547 1589 iuuenis
1593 1556 1772 1604 genere
1801 1558 1819 1584 2

98 1621 295 1682 nobilis,
321 1639 473 1671 manu
508 1622 660 1683 fortiS,
698 1639 847 1672 sensu
883 1624 1026 1683 celer,
1052 1624 1179 1671 ultra
1214 1622 1478 1671 barbarum
1513 1632 1772 1687 promptus

98 1702 313 1768 ingenio,
356 1704 561 1754 nomine
601 1704 868 1765 ArminiuS,
909 1704 1134 1768 Sigimeri
1179 1703 1414 1768 principis
1460 1704 1620 1768 gentis
1667 1704 1773 1754 eius

98 1785 242 1847 filius,
277 1788 506 1836 ardorem
540 1786 694 1837 animi
729 1789 872 1837 uultu
908 1786 1165 1851 oculisque
1200 1788 1493 1851 praeferenS,
1532 1787 1772 1838 adsiduus

99 1867 302 1918 militiae
325 1878 523 1918 nostrae
546 1868 719 1933 prioris
743 1886 927 1929 comeS,
955 1868 1059 1918 iure
1083 1868 1232 1918 etiam
1265 1867 1477 1918 ciuitatis
1511 1870 1772 1919 Romanae

97 1950 253 2001 decus
286 1950 527 2015 equestris
562 1968 876 2015 consequens
903 1952 1098 2015 graduS,
1125 1950 1333 2015 segnitia
1367 1950 1509 2001 ducis
1545 1950 1596 2000 in
1633 1968 1772 2002 occa·

156 2093 174 2120 ι
207 2087 401 2132 preesset
424 2080 467 2120 A
635 2094 662 2132 3
691 2082 879 2122 mulcere
907 2081 950 2120 A
1127 2095 1153 2132 4
1183 2094 1312 2133 paces
1347 2084 1391 2128 (e
1420 2095 1470 2121 ex
1490 2082 1522 2133 i)
1557 2083 1646 2133 del„
1680 2083 1773 2123 dein

97 2135 214 2187 pacis
234 2134 277 2174 A
400 2147 427 2186 5
454 2136 694 2187 gaudentes
728 2136 817 2176 ΑΡ
932 2138 961 2175 6
989 2136 1141 2176 ordine
1165 2142 1396 2188 suspectum
1430 2135 1571 2189 Lipsio
1599 2137 1774 2178 Heinsio

97 2188 367 2230 Ruhnkem’o:
399 2191 537 2230 otiose
551 2190 799 2231 Cornelissen
819 2205 830 2231 ε
844 2191 949 2242 son.
967 2192 1191 2231 socordius
1210 2192 1418 2241 (socordia
1437 2192 1524 2231 iam
1539 2191 1741 2245 Laurent)
1761 2206 1772 2233 t

96 2245 248 2285 ordine
279 2244 483 2284 Clinstn'an
510 2245 684 2286 Cnosius
712 2246 916 2288 Pmbabt'l.
945 2245 1040 2286 Cn’e.
1061 2252 1106 2298 p.
1142 2258 1220 2286 120
1250 2249 1396 2297 (1753)
1428 2247 1579 2286 rettulit
1600 2248 1660 2287 ad
1681 2261 1774 2288 con-

97 2304 248 2339 uentus
277 2306 357 2352 per
386 2300 568 2340 awaus
604 2300 810 2341 obeundas
993 2313 1015 2351 7
1046 2302 1192 2341 credat
1229 2300 1420 2353 Lipsius:
1456 2302 1657 2343 credebat
1686 2302 1778 2341 ΑΡ

95 2355 124 2394 8
152 2355 368 2395 mendatio
403 2354 445 2393 A
620 2369 649 2406 9
678 2362 966 2406 prouocantes
995 2356 1039 2395 in
1072 2360 1183 2395 textu
1220 2356 1294 2395 sed
1319 2357 1361 2396 in
1397 2370 1530 2409 marg.
1566 2370 1772 2408 procaces

95 2408 140 2449 A
159 2423 171 2450 ε
199 2422 406 2461 procaces
439 2408 483 2448 P
494 2425 505 2450 z
546 2417 770 2461 procataes
802 2410 844 2450 B
860 2426 870 2451 ε
911 2416 1195 2462 prouocantes
1215 2410 1450 2452 Rhenanus
1561 2412 1603 2451 in
1634 2412 1772 2463 iurgia

854 2475 902 2499 mi

96 2503 302 2558 uadm‘g:
331 2506 484 2546 iniuria
513 2506 604 2546 ΑΡ
768 2520 814 2547 11
846 2513 1105 2548 mutesceret
1137 2508 1181 2547 A
1199 2522 1208 2549 :
1254 2513 1512 2548 mutesceret
1542 2507 1607 2549 B:
1648 2509 1771 2549 mite-

95 2567 238 2601 sceret
267 2559 312 2600 P
421 2574 470 2611 1⁴
499 2562 652 2602 mediis
670 2563 741 2611 lis,
760 2563 892 2614 pn‘ore
913 2562 1086 2612 inducto,
1110 2562 1153 2601 A
1290 2575 1338 2613 15
1369 2575 1544 2613 preesse
1559 2563 1602 2602 A
1719 2565 1771 2604 16

97 2628 204 2654 num
223 2618 470 2667 promotus?
585 2629 636 2668 19
662 2619 720 2656 sa·
735 2616 915 2670 Madut'g
927 2616 1105 2658 Aduers.
1123 2617 1161 2656 ii.
1182 2630 1259 2667 311
1282 2631 1290 2656 :
1327 2618 1418 2657 iure
1438 2618 1564 2658 etiam
1586 2618 1772 2659 ciuitatis

99 2668 263 2710 Romae
276 2671 370 2710 eius
385 2671 468 2710 ‘ius
483 2670 539 2722 P)
556 2672 767 2722 equestris
782 2684 1053 2724 consequens
1067 2672 1225 2723 gradus
1237 2671 1328 2711 ΑΡ
1406 2672 1626 2713 Romanae
1638 2672 1778 2712 Burer

95 2735 152 2764 20
178 2724 311 2765 decus
345 2724 571 2765 Burmann
605 2731 643 2765 ee
673 2725 852 2775 Maduie
1006 2739 1277 2778 consequens
1310 2727 1350 2767 h.
1364 2741 1393 2766 e.
1424 2728 1598 2779 equestri
1614 2727 1776 2780 gradui

86 2780 320 2831 proximus,
337 2781 401 2819 uti
411 2782 693 2832 interpretatus
705 2786 765 2821 est
778 2780 958 2834 Maduig
972 2795 982 2822 :
1010 2787 1267 2822 consecutus
1282 2781 1482 2822 Heinsius
1495 2786 1532 2821 et
1544 2783 1602 2822 sic
1616 2782 1767 2831 Halm,

95 2837 317 2886 tamquam
336 2834 611 2887 deprauatum
629 2848 680 2875 ex
689 2836 888 2888 amptum
906 2842 1189 2887 consequtus:
1220 2835 1459 2876 Mommsen
1473 2836 1662 2877 scn‘bebat
1676 2837 1768 2877 iure

93 2888 221 2928 etiam
234 2901 268 2930 c.
292 2889 512 2929 Romanae
532 2890 625 2930 eius
640 2896 863 2941 eque-tres
878 2903 1150 2941 consequens
1165 2891 1336 2941 gradus.
1378 2890 1475 2931 Vide
1488 2890 1649 2932 Comm.
1670 2891 1768 2934 Cn't.

92 2941 251 2983 Delam
267 2944 518 2984 conclamato
532 2944 757 2997 das-putam?
768 2945 967 2986 Huebner
984 2948 994 2968 ⁶
1007 2945 1140 2986 ueber
1153 2946 1237 2986 den
1253 2945 1291 2986 N
1294 2958 1418 2986 amen
1435 2946 1512 2986 des
1527 2946 1744 2988 Arminius
1757 2945 1768 2965 ’

92 2996 137 3037 iu
155 2996 339 3038 Hermae
355 3012 398 3040 x.
410 3005 456 3051 p.
477 3011 558 3050 395
579 3014 621 3041 n.

885 3187 963 3230 ¹²9
1534 3173 1564 3219 9
