2014 3392
738 186 995 234 VELLEI
1034 188 1434 237 PATERCVLI

251 321 378 370 inter
396 323 671 372 Antonium
697 324 844 374 etiam
870 334 919 375 et
943 327 1207 376 Caesarem
1230 329 1359 376 facta
1382 327 1624 389 adfinitas,
1652 346 1767 378 cum
1792 338 1920 379 esset

252 402 475 467 priuigna
510 405 699 454 Antoni
741 408 1040 470 desponsata
1075 408 1286 458 Caesari.
1360 411 1771 474 consulatumque
1811 411 1920 460 iniit

253 487 436 535 Caesar
453 486 609 550 pridie
629 505 778 551 quam
803 489 977 553 uiginti
1000 507 1158 540 annos
1183 490 1408 555 impleret
1426 492 1623 542 decimo
1641 496 1751 542 Kal.
1772 495 1921 544 Octo-

253 566 350 615 bris
376 567 490 616 cum
517 571 704 632 collega
720 571 781 632 Q.
796 570 951 620 Pedio
976 581 1089 634 post
1114 572 1287 621 urbem
1307 573 1559 622 conditam
1578 574 1762 623 abhinc
1777 574 1919 623 annis

252 653 525 710 †Dccvl111‚
544 659 659 699 ante
685 666 848 711 Lxxn,
866 668 1016 714 quarn
1042 661 1109 712 tu,
1130 654 1200 702 M.
1220 652 1398 713 Vinici,
1421 656 1731 702 consulatum
1757 654 1917 704 inires.
1943 677 1966 717 5
1996 687 1998 690 -

205 738 228 776 3
251 730 376 780 uidit
408 731 489 780 hic
520 749 679 780 annus
704 732 1010 793 Ventidium,
1038 750 1126 796 per
1154 750 1303 797 quarn
1337 735 1511 783 urbem
1541 734 1667 784 inter
1695 735 1919 799 captiuos

253 810 530 860 Picentium
562 812 613 860 in
639 812 888 876 triumpho
920 816 1099 862 ductus
1129 824 1243 874 erat,
1271 814 1322 862 in
1355 832 1414 864 ea
1446 818 1755 865 consularem
1786 833 1920 880 prae-

254 901 437 940 textam
462 892 746 956 iungentem
772 894 1025 957 praetoria.
1076 894 1210 944 idern
1235 896 1316 944 hic
1340 906 1513 959 postea
1537 896 1870 960 triumphauit.

159 973 233 1021 66
323 976 364 1022 F
366 984 535 1023 urente
564 974 746 1025 deinde
782 975 1004 1025 Antonio
1042 975 1287 1040 simulque
1320 977 1526 1041 Lepido,
1554 995 1765 1041 quorum
1797 988 1921 1027 uter-

253 1071 364 1118 que,
383 1065 436 1103 ut
460 1055 803 1118 praediximus,
825 1058 992 1106 hostes
1011 1056 1212 1106 iudicati
1232 1068 1382 1118 erant,
1405 1076 1518 1107 cum
1543 1060 1692 1108 ambo
1718 1061 1921 1108 mallent
1948 1083 2007 1127 ια.

250 1142 278 1186 †
297 1135 390 1185 sibi
428 1136 654 1197 nuntiari,
699 1137 820 1200 quid
861 1137 992 1201 passi
1033 1148 1211 1199 essent,
1256 1156 1405 1202 quam
1449 1139 1570 1203 quid
1611 1141 1918 1201 meruissent,

248 1228 552 1282 repugnante
578 1221 802 1280 Caesare,
830 1222 918 1269 sed
949 1222 1125 1269 frustra
1156 1223 1393 1270 aduersus
1427 1223 1567 1282 duos,
1595 1221 1917 1271 instauratum

202 1323 221 1350 2
249 1300 436 1349 Sullani
478 1301 689 1364 exempli
727 1304 928 1362 malum,
973 1301 1278 1366 proscriptio.
1351 1302 1474 1351 nihil
1516 1312 1616 1352 tam
1659 1303 1917 1367 indignum

247 1383 332 1432 illo
357 1393 578 1448 tempore
603 1384 707 1445 fuit,
729 1402 879 1448 quam
899 1388 1036 1450 quod
1060 1395 1145 1434 aut
1170 1387 1352 1436 Caesar
1375 1386 1590 1450 aliquem
1616 1388 1919 1451 proscribere

248 1474 448 1513 coactus
474 1475 548 1514 est
571 1475 656 1514 aut
683 1466 748 1514 ab
780 1468 882 1515 ullo
919 1466 1096 1516 Cicero
1133 1467 1432 1530 proscriptus
1469 1477 1554 1517 est.
1627 1468 1918 1534 abscisaque
1947 1459 2014 1546 15}

248 1549 430 1595 scelere
472 1547 662 1596 Antoni
699 1565 798 1596 uox
838 1548 1038 1611 publica
1079 1558 1166 1608 est,
1209 1566 1323 1597 cum
1365 1548 1470 1598 eius
1518 1551 1725 1599 salutem
1767 1568 1918 1601 nemo
2003 1547 2010 1559 ⁶

247 1628 563 1689 defendisset,
614 1628 699 1693 qui
745 1647 833 1693 per
879 1639 952 1679 tot
997 1647 1155 1679 annos
1204 1639 1252 1679 et
1298 1630 1549 1693 publicam
1602 1630 1812 1681 ciuitatis
1870 1643 1919 1682 et

199 1733 221 1772 3
247 1709 488 1772 priuatam
515 1709 698 1758 ciuium
724 1712 1024 1760 defenderat.
1096 1710 1219 1759 nihil
1244 1720 1410 1760 tamen
1435 1711 1588 1775 egisti,
1618 1714 1688 1760 M.
1711 1713 1916 1774 Antoni,
1992 1751 2007 1789 ὁ,

249 1790 400 1855 (cogit
447 1790 579 1840 enim
628 1793 864 1841 excedere
910 1791 1149 1855 propositi
1195 1794 1404 1841 formam
1446 1792 1606 1856 operis
1654 1810 1917 1857 erumpens
1991 1803 2009 1851 ᾖ(

247 1872 416 1922 animo
440 1890 498 1922 ac
523 1883 722 1937 pectore
747 1873 1056 1939 indignatio),
1078 1873 1215 1934 nihil,
1237 1873 1454 1937 inquam,
1476 1873 1615 1938 egisti
1635 1878 1916 1925 mercedem
1943 1879 2005 1943 πῇ

248 1954 584 2003 caelestissimi
631 1954 728 2004 oris
775 1965 825 2004 et
872 1955 1126 2004 clarissimi
1168 1955 1340 2019 capitis
1387 1955 1566 2004 abscisi
1607 1959 1917 2007 numerando
1988 1971 2009 2038 ξ

246 2044 719 2100 auctoramentoque
744 2037 938 2086 funebri
961 2039 1026 2086 ad
1046 2036 1404 2086 conseruatoris
1425 2039 1679 2100 quondam
1705 2037 1772 2087 rei
1797 2039 1919 2102 pub-
1988 2041 2009 2119 ᾗ

196 2136 222 2173 4
246 2116 370 2165 licae
386 2116 607 2180 tantique
623 2117 839 2166 consulis
855 2117 1102 2167 inritando
1118 2134 1307 2167 necem.
1347 2117 1548 2181 rapuisti
1564 2127 1669 2167 tum
1687 2117 1916 2169 Ciceroni
1994 2131 2009 2172 :⁴

243 2200 409 2247 lucem
447 2198 704 2248 sollicitam
747 2208 796 2248 et
833 2209 1044 2248 aetatem
1087 2198 1292 2248 senilem
1334 2207 1383 2247 et
1424 2198 1577 2247 uitam
1613 2198 1914 2249 miseriorem
1986 2178 2009 2255 ᾗ

302 2342 327 2367 2
358 2330 617 2379 desponsata
635 2329 678 2367 A
699 2344 709 2369 t
739 2330 954 2379 desponsa
974 2330 1026 2380 P,
1047 2330 1161 2381 quod
1169 2330 1346 2368 malebat
1359 2329 1506 2368 Nova'k
1615 2343 1640 2380 3
1661 2342 1700 2370 x.
1720 2330 1852 2370 KAL.
1869 2331 1913 2370 A
1986 2257 2005 2454 ¹

246 2397 270 2433 4
293 2383 500 2423 Octobres
515 2384 604 2422 ΑΡ
665 2385 872 2435 collegaq.
889 2384 1075 2423 PedioA
1161 2385 1314 2423 abhinc
1330 2384 1478 2423 delebat
1488 2383 1610 2423 Kritz
1691 2396 1716 2435 5
1737 2398 1917 2424 Dccvnn

1994 2706 2001 2726 Ι

249 2452 460 2491 Gelenius:
480 2466 504 2491 a
518 2465 567 2492 cc
581 2465 679 2492 vnn
698 2453 742 2491 A
763 2468 772 2492 :
792 2466 969 2492 Accvmr
990 2454 1032 2492 P
1119 2467 1251 2494 Lxxn.
1268 2454 1310 2494 A
1331 2470 1340 2494 :
1361 2467 1480 2494 Lxxu
1506 2455 1550 2494 P
1654 2455 1681 2493 6
1700 2459 1794 2493 ante
1803 2455 1916 2494 Ven-

246 2507 394 2545 tidium
406 2521 571 2546 erasum
584 2508 694 2546 estin
710 2508 752 2546 A
772 2509 826 2548 M.
845 2523 854 2547 :
877 2508 922 2548 P.
937 2508 1181 2548 Ventidium
1191 2509 1329 2548 Halm
1412 2510 1439 2547 8
1460 2510 1698 2559 praetoriae
1715 2509 1912 2555 Gelenius,

246 2565 292 2599 ut
303 2575 369 2611 92.
388 2575 411 2611 4
501 2575 551 2601 10
571 2575 665 2601 cum
677 2561 760 2601 BA
778 2578 787 2603 z
817 2576 942 2613 quom
965 2563 1007 2601 P
1088 2576 1132 2602 11
1156 2565 1354 2603 nuntiare
1368 2564 1676 2603 VahlenHerm.
1694 2564 1795 2602 xvii.
1808 2577 1887 2613 273
1906 2578 1916 2602 ε

245 2616 440 2666 imputari
459 2616 616 2667 Haase,
649 2617 762 2668 quod
784 2618 907 2656 Kntz
935 2618 1071 2669 recepit
1139 2619 1395 2658 meruissent
1426 2620 1469 2657 A
1491 2633 1501 2658 z
1550 2619 1831 2658 emeruissent
1850 2618 1916 2657 P:

246 2671 556 2711 demeruissent
576 2672 806 2711 Rhenanus
932 2685 981 2711 12
1010 2673 1219 2713 aduersus
1239 2674 1346 2712 duos
1366 2687 1448 2712 om.
1468 2673 1511 2711 A
1640 2686 1688 2723 15
1717 2673 1830 2712 bullo
1849 2672 1916 2712 P:

245 2725 329 2764 bell
364 2725 456 2776 del.,
487 2726 577 2765 dein
605 2727 721 2765 bullo
746 2726 788 2765 A
810 2741 819 2766 :
853 2727 906 2766 ab
930 2728 1017 2766 ullo
1040 2728 1272 2766 Rhenanus
1380 2728 1650 2777 abscissaque
1669 2728 1712 2766 A
1865 2729 1915 2766 16

243 2780 422 2818 Antonii
440 2804 448 2813 ·
462 2781 559 2819 Vox
577 2781 621 2819 A
735 2782 903 2831 publica
923 2782 1065 2821 audita
1086 2788 1152 2821 est
1170 2782 1214 2821 A
1236 2797 1246 2822 z
1274 2781 1440 2832 publica
1460 2788 1525 2820 est
1543 2782 1604 2821 P:
1627 2783 1809 2832 fortasse
1827 2795 1912 2821 non
1995 2824 2001 2838 .

246 2834 328 2872 iam
353 2835 438 2885 (uel
454 2835 682 2885 nusquam)
706 2836 849 2875 audita
875 2842 941 2875 est
1028 2836 1090 2886 Cf.
1114 2837 1233 2876 Corn.
1258 2836 1402 2876 Seueri
1425 2843 1489 2888 ap.
1524 2835 1621 2876 Sen.
1653 2835 1822 2876 suasor.
1855 2837 1908 2875 vi.
1984 2867 1995 2892 ἑ

246 2902 288 2938 p.
314 2902 365 2938 37
390 2889 573 2928 Bursian
597 2890 768 2930 Publica
792 2904 878 2929 uox
906 2891 1048 2930 saeuis
1077 2897 1303 2930 aeternum
1332 2892 1552 2930 ommutuit
1579 2891 1707 2930 armis
1733 2904 1839 2940 quae
1867 2891 1916 2930 de
1983 2895 1995 2918 ὲ·

249 2942 431 2981 Cicerone
444 2944 548 2983 dicta
566 2949 667 2983 sunt
760 2958 810 2984 21
841 2946 1129 2984 scelestissimi
1151 2946 1239 2992 del.,
1254 2946 1342 2984 dein
1355 2952 1552 2996 suprascr.
1569 2945 1849 2984 caelestissimi
1865 2945 1908 2984 A

245 2997 419 3036 abscissi
438 2999 481 3036 A
613 3012 664 3049 24
695 3004 790 3038 ante
808 3000 1070 3039 miseriorem
1090 3000 1265 3039 deletum
1285 3005 1343 3038 est
1359 3001 1403 3039 in.
1421 2999 1464 3038 A
1497 3013 1588 3038 mes
1616 2999 1710 3052 sss,
1732 2999 1806 3038 sed
1820 3011 1912 3039 mes
1988 3006 1990 3010 '

246 3053 287 3091 in
310 3053 388 3091 mis
409 3057 623 3092 correctum
645 3058 737 3093 ante
757 3068 884 3106 quam
906 3054 1078 3094 deletum
1098 3059 1203 3094 esset.
1267 3055 1310 3094 F
1307 3059 1420 3092 uerat
1425 3056 1606 3105 fortasse
1625 3054 1897 3094 maestiorem

1050 3121 1099 3158 82

2012 2751 2014 2780 l

2012 2794 2014 2812 l
