2014 3392
712 208 969 255 VELLEI
1007 209 1406 258 PATERCVLI

228 346 302 395 Ti.
333 345 571 396 Claudius
598 348 732 395 Nero
757 345 1026 410 praetorius
1051 355 1100 395 et
1129 345 1361 409 pontifex,
1389 346 1463 395 Ti.
1494 346 1715 396 Caesaris
1741 357 1889 410 pater,

228 427 392 491 magni
418 427 492 476 uir
514 427 667 476 animi
692 434 719 477 †
737 427 1109 490 doctissimique
1142 427 1307 491 ingeni
1327 448 1335 476 :
1373 428 1424 478 id
1449 445 1648 491 quoque
1673 431 1891 478 aduentu
2010 430 2014 459 ⁴

181 527 200 553 2
228 509 451 569 Caesaris
505 511 752 572 sepultum
810 519 958 572 atque
1005 509 1283 559 discussum
1331 520 1416 559 est.
1513 510 1622 573 quis
1669 513 1892 560 fortunae

227 591 538 651 mutationes,
589 591 698 654 quis
757 591 936 641 dubios
996 609 1156 640 rerum
1204 594 1530 640 humanarum
1579 609 1720 641 casus
1779 592 1893 641 satis
2011 610 2014 655 1

226 673 388 722 mirari
425 677 609 738 queat?
664 673 773 737 quis
810 691 911 722 non
948 673 1143 722 diuersa
1178 674 1517 737 praesentibus
1554 674 1893 737 contrariaque
1919 693 1941 732 5
2011 681 2014 703 ¹

180 774 202 812 3
229 756 520 819 exspectatis
545 766 629 804 aut
654 765 814 819 speret
844 765 929 803 aut
954 755 1159 804 timeat?
1230 755 1385 816 Liuia,
1414 755 1707 805 nobilissimi
1732 765 1780 804 et
1804 758 1895 805 for-

227 836 401 886 tissimi
439 836 530 886 uiri
571 836 719 885 Drusi
758 835 1021 886 Claudiani
1059 835 1170 896 filia,
1209 853 1400 899 genere,
1440 836 1697 899 probitate,
1738 838 1895 885 forma

228 921 567 967 Romanarum
593 917 993 977 eminentissima,
1021 934 1171 980 quam
1204 927 1376 980 postea
1400 918 1661 981 coniugem
1686 917 1896 981 Augusti

226 999 456 1059 uidimus,
498 1016 647 1062 quam
695 999 978 1062 transgressi
1018 1001 1083 1049 ad
1121 1001 1242 1048 deos
1284 1002 1590 1049 sacerdotem
1632 1017 1690 1048 ac
1728 999 1892 1059 filiam,

227 1090 331 1128 tum
357 1075 547 1143 fugiens
573 1097 688 1128 mox
712 1079 860 1128 futuri
885 1079 960 1128 sui
986 1076 1208 1130 Caesaris
1240 1097 1376 1129 arma
1407 1098 1466 1129 ac
1494 1098 1669 1129 manus
1703 1080 1893 1129 bimum
1925 1100 1973 1128 10

225 1163 359 1210 hunc
397 1161 653 1210 Tiberium
693 1163 970 1221 Caesarem,
1009 1161 1260 1211 uindicem
1301 1162 1518 1211 Romani
1558 1162 1731 1225 imperi
1771 1164 1897 1210 futu-

227 1260 435 1306 rumque
482 1242 705 1292 eiusdem
754 1242 977 1292 Caesaris
1019 1242 1189 1302 filium,
1238 1252 1434 1305 gestans
1482 1242 1606 1302 sinu,
1651 1260 1737 1306 per
1784 1242 1896 1291 auia

226 1326 456 1375 itinerum
495 1323 659 1373 uitatis
698 1323 909 1372 militum
941 1323 1115 1386 gladiis
1144 1341 1246 1372 uno
1272 1323 1553 1384 comitante,
1581 1341 1681 1386 quo
1705 1323 1895 1372 facilius

227 1410 555 1457 occultaretur
595 1399 988 1469 fuga,'peruenit
1028 1407 1093 1455 ad
1134 1423 1267 1455 mare
1306 1415 1355 1455 et
1393 1423 1507 1454 cum
1549 1405 1655 1455 uiro
1695 1408 1895 1454 Nerone

227 1499 458 1554 peruecta
481 1489 531 1537 in
557 1487 772 1538 Siciliam
798 1497 883 1536 est.
1925 1507 1970 1549 15

135 1573 204 1632 76
298 1572 451 1632 Quod
498 1569 661 1618 alieno
708 1567 1046 1618 testimonium
1094 1570 1365 1629 redderem,
1410 1586 1470 1618 eo
1513 1586 1615 1618 non
1656 1568 1896 1617 fraudabo
2000 1558 2005 1565 ⁸

227 1670 378 1701 auum
417 1669 597 1700 meum.
672 1649 856 1713 quippe
889 1651 945 1700 C.
973 1649 1206 1709 Velleius,
1233 1649 1614 1699 honoratissimo
1639 1649 1765 1698 inter
1788 1648 1896 1698 illos

228 1749 394 1783 CCCLX
418 1733 606 1782 iudices
631 1734 743 1781 loco
767 1749 797 1780 a
822 1733 913 1782 Cn.
938 1731 1178 1795 Pompeio
1203 1733 1373 1791 lectus,
1395 1731 1617 1781 eiusdem
1639 1730 1897 1794 Marcique

231 1815 369 1864 Bruti
392 1832 451 1863 ac
483 1813 558 1862 Ti.
589 1804 801 1862 Neronis
840 1814 1113 1876 praefectus
1146 1813 1353 1872 fabrum,
1381 1812 1455 1860 uir
1486 1812 1608 1861 nulli
1633 1814 1895 1871 secundus,
1990 1808 2006 1877 ξ,

229 1898 279 1946 in
319 1896 595 1960 Campania
631 1895 851 1959 digressu
891 1894 1104 1943 Neronis
1141 1912 1172 1943 a
1210 1894 1435 1958 Neapoli,
1463 1894 1601 1943 cuius
1640 1895 1707 1943 ob
1739 1893 1899 1957 singu·
1923 1916 1998 1950 20¹

229 1982 379 2029 larem
406 1996 520 2028 cum
546 1995 606 2027 eo
635 1977 901 2026 amicitiam
940 1976 1151 2040 partium
1189 1976 1384 2026 adiutor
1420 1979 1588 2036 fuerat,
1615 1976 1775 2039 grauis
1799 1976 1897 2024 iam
1985 1975 2005 1986 '⁴

228 2071 388 2111 aetate
413 2070 462 2109 et
487 2077 691 2123 corpore
717 2076 884 2108 comes
910 2076 1023 2107 cum
1049 2075 1157 2107 esse
1185 2075 1288 2107 non
1320 2057 1691 2123 possen-gladio
1717 2074 1769 2106 se
1793 2057 1897 2120 ipse

182 2164 201 2191 2
229 2141 478 2192 transfixit.
552 2140 839 2189 inuiolatam
887 2141 1123 2188 excedere
1173 2138 1315 2187 Italia
1366 2140 1547 2189 Caesar
1604 2155 1776 2202 passus
1833 2144 1904 2186 est

231 2224 457 2274 Fuluiam
478 2225 831 2286 Plancumque,
854 2221 1105 2270 muliebris
1130 2223 1273 2284 fugae
1298 2221 1531 2270 comitem
1552 2241 1561 2270 z
1598 2238 1713 2269 nam
1741 2220 1899 2269 Pollio

1989 1991 2005 2013 ἰ

1989 2077 2007 2109 ἵ.

1988 2119 2014 2158 ἑΙ

1986 2201 2002 2244 J

1984 2256 2001 2283 p

287 2368 305 2393 1
337 2354 423 2406 Ti.]
451 2354 499 2393 T.
529 2353 620 2392 ΑΡ
634 2353 694 2391 bis
879 2366 904 2391 2
933 2352 1000 2390 uir
1022 2351 1087 2391 P:
1136 2352 1214 2391 uiri
1235 2350 1319 2390 ΒΑ
1447 2351 1763 2400 doctissimique
1786 2349 1898 2389 AP:

231 2410 539 2459 rectissimique
554 2408 758 2459 Maduzg:
786 2420 892 2446 num
907 2406 1149 2446 lectissimi?
1233 2406 1395 2456 ingenii
1414 2405 1504 2444 ΑΡ
1609 2407 1636 2443 6
1664 2405 1899 2455 expectatis

1815 2470 1835 2491 C

229 2513 429 2557 suprascr.
451 2510 685 2555 expectans
705 2502 748 2541 A
896 2516 918 2552 7
950 2502 1159 2541 Calidiani
1178 2502 1318 2552 ABP,
1341 2516 1420 2543 em.
1442 2502 1580 2540 Burer
1711 2515 1760 2540 10
1787 2515 1899 2540 arma

229 2561 272 2599 A
294 2576 304 2600 ε
333 2560 556 2600 arma*nus
573 2558 615 2596 P
629 2575 638 2598 :
667 2560 840 2608 ‘exemp
865 2562 938 2596 uet.
956 2558 1012 2595 sic
1027 2558 1144 2595 habet
1163 2562 1209 2595 ut
1227 2557 1441 2608 legendum
1461 2557 1686 2595 existimem
1703 2556 1898 2595 Caesaris

229 2629 359 2663 arma,
400 2615 520 2653 cuius
561 2613 717 2651 bimum
755 2612 868 2651 hunc
907 2612 1120 2650 Tiberium
1160 2612 1386 2651 Caesarem
1421 2615 1496 2652 διο.
1511 2611 1522 2627 ’
1557 2611 1710 2651 Burer:
1760 2612 1898 2649 minus

230 2671 388 2709 bimum
408 2669 524 2709 Voss:
552 2667 749 2706 Caesaris
763 2680 913 2705 manus
926 2667 1152 2706 Ruhnken:
1175 2667 1372 2706 Caesaris
1388 2679 1505 2705 arma
1517 2679 1565 2705 ac
1579 2679 1726 2705 manus
1739 2666 1895 2715 scn'psi:

407 2734 508 2755 acma-

218 2767 362 2816 suerat
390 2779 505 2804 arma
534 2777 616 2803 nus
766 2776 783 2801 1
795 2776 811 2801 1
844 2763 1027 2802 Tiberim
1046 2761 1090 2801 A
1203 2762 1369 2813 imperii
1388 2762 1478 2801 ΑΡ
1619 2775 1667 2800 12
1696 2762 1791 2800 sinu
1822 2773 1898 2811 per

230 2821 295 2860 P:
325 2821 360 2858 si
382 2832 518 2869 nuper
537 2818 580 2857 A
716 2831 765 2867 14
795 2818 894 2867 fuga
914 2831 1007 2856 cum
1029 2818 1226 2867 peruenit
1245 2818 1436 2868 iungebat
1456 2816 1503 2856 G.
1526 2815 1585 2856 A.
1606 2817 1720 2855 Koch
1849 2817 1899 2855 16

232 2888 284 2913 eo
309 2875 519 2913 Gelenius:
558 2886 653 2912 meo
673 2872 715 2910 A
737 2887 747 2912 :
777 2873 819 2911 in
842 2886 892 2911 eo
913 2871 955 2910 P
1116 2885 1163 2921 17
1194 2871 1295 2911 Post
1311 2873 1407 2910 illos
1426 2884 1590 2910 erasum
1610 2876 1667 2909 est
1681 2870 1779 2909 inA
1802 2870 1897 2909 loco

236 2942 285 2979 19
315 2930 378 2969 Ti.
402 2928 588 2967 Neronis
606 2927 771 2966 Aldus:
812 2925 984 2965 Tironis
1003 2925 1047 2964 A
1068 2940 1077 2965 :
1118 2926 1304 2976 Tyronis
1322 2926 1366 2964 P
1551 2938 1603 2963 22
1632 2938 1774 2964 comes
1803 2938 1896 2964 cum

230 2984 392 3034 scripsi:
423 2996 567 3022 comes
587 2981 655 3021 B:
685 2994 778 3020 cum
798 2981 911 3021 AP:
939 2994 1033 3020 cum
1062 2994 1204 3020 comes
1223 2980 1366 3020 Aldus
1490 2993 1537 3018 se
1558 2980 1650 3030 ipse
1670 2980 1810 3029 gladio
1837 2979 1896 3029 A,

232 3037 384 3077 additis
402 3040 431 3082 β
450 3043 575 3088 super
590 3049 638 3076 se
659 3037 768 3086 ipse,
787 3051 812 3074 α
831 3042 956 3088 super
971 3035 1113 3086 gladio
1305 3047 1357 3085 23
1387 3040 1452 3074 est
1472 3034 1566 3075 add.
1593 3034 1764 3074 Cludius

1037 3131 1091 3172 90
