2014 3392
707 223 967 271 VELLEI
1005 223 1407 272 PATERCVLI

224 361 368 411 fuerit
393 379 666 422 munerum,
694 379 757 411 ne
788 361 839 410 in
876 361 1035 425 operis
1072 361 1273 424 quidem
1311 361 1425 411 iusti
1460 361 1674 422 materia,
1702 363 1887 411 nedum

180 463 198 490 2
225 444 369 492 huius
395 453 495 492 tam
527 443 667 493 recisi
700 443 847 507 digne
879 442 1083 506 exprimi
1119 452 1294 505 potest.
1367 443 1490 491 nihil
1514 443 1695 492 deinde
1720 453 1888 506 optare

223 543 253 574 a
288 525 657 585 diissshomines,
686 524 807 573 nihil
836 524 906 574 dii
930 524 1215 573 hominibus
1250 534 1494 587 praestare
1518 534 1738 587 possunt,
1766 523 1887 572 nihil

223 618 343 657 uoto
369 607 576 671 concipi,
599 607 720 656 nihil
745 607 974 656 felicitate
993 606 1339 666 consummari,
1360 609 1497 669 quod
1515 624 1617 655 non
1636 609 1888 669 Augustus

223 700 335 754 post
376 689 588 739 reditum
630 689 680 737 in
723 690 895 738 urbem
937 688 1006 737 rei
1052 688 1280 751 publicae
1327 690 1613 752 populoque
1656 691 1888 737 Romano
1913 707 1934 746 5

174 780 196 818 3
223 782 558 835 terrarumque
600 771 707 820 orbi
748 770 1195 834 repraesentauerit.
1286 770 1424 819 finita
1470 770 1708 819 uicesimo
1755 787 1888 818 anno

222 856 352 904 bella
387 853 562 913 ciuilia,
595 854 785 916 sepulta
820 862 1031 912 externa,
1072 861 1302 901 reuocata
1336 870 1443 916 pax,
1479 852 1666 915 sopitus
1702 851 1888 914 ubique

221 953 470 986 armorum
517 937 662 994 furor,
713 934 934 984 restituta
980 934 1055 983 uis
1114 934 1318 998 legibus,
1367 934 1561 984 iudiciis
1607 933 1885 993 auctoritas,

222 1018 413 1068 senatui
471 1017 712 1077 maiestas,
763 1016 1023 1080 imperium
1082 1016 1452 1080 magistratuum
1505 1018 1569 1066 ad
1627 1015 1886 1079 pristinum
2011 1073 2012 1076 Ἰ

221 1104 475 1151 redactum
500 1101 730 1159 ;modum
748 1118 762 1160 3
810 1101 1160 1148 tantummodo
1205 1108 1320 1148 octo
1374 1098 1678 1162 praetoribus
1725 1097 1887 1146 allecti
1915 1114 1963 1142 ιο
2003 1159 2005 1161 .

164 1204 191 1241 4
222 1185 335 1232 duo.
409 1181 569 1245 prisca
604 1180 686 1229 illa
732 1190 781 1229 et
827 1180 1030 1243 antiqua
1076 1180 1145 1229 rei
1185 1179 1413 1243 publicae
1449 1181 1607 1228 forma
1641 1187 1883 1228 reuocata.
1998 1177 2003 1183 ’

221 1263 364 1313 rediit
400 1265 559 1312 cultus
595 1261 735 1325 agris,
763 1261 910 1310 sacris
949 1263 1125 1322 honos,
1161 1261 1393 1310 securitas
1429 1260 1730 1320 hominibus,
1758 1269 1889 1309 certa

221 1344 399 1408 cuique
435 1361 597 1392 rerum
634 1360 831 1391 suarum
867 1342 1117 1406 possessio
1133 1361 1147 1404 5
1194 1345 1326 1406 leges
1363 1345 1655 1392 emendatae
1692 1342 1886 1403 utiliter,

220 1427 346 1474 latae
372 1424 660 1485 salubriter3
697 1433 894 1473 senatus
920 1423 1025 1473 sine
1057 1423 1316 1487 asperitate
1354 1441 1448 1472 nec
1486 1423 1591 1472 sine
1629 1423 1887 1472 seueritate

219 1508 388 1556 lectus.
445 1505 690 1569 principes
710 1505 800 1554 uiri
825 1505 1185 1569 triumphisque
1209 1514 1258 1554 et
1281 1504 1594 1568 amplissimis
1614 1505 1886 1554 honoribus
1914 1517 1960 1558 15
1992 1517 1995 1521 “

218 1588 375 1638 functi
412 1590 675 1638 adhortatu
707 1587 941 1651 principis
973 1590 1039 1637 ad
1068 1590 1341 1637 ornandam
1366 1588 1540 1636 urbem
1565 1587 1731 1637 inlecti
1757 1597 1883 1636 sunt.

173 1693 195 1733 5
221 1673 505 1720 consulatus
553 1672 902 1719 tantummodo
949 1687 1107 1733 usque
1161 1672 1225 1719 ad
1272 1669 1595 1719 undecimum
1643 1669 1728 1732 qui
1775 1687 1890 1719 con-

220 1753 431 1802 tinuaret
456 1754 652 1812 Caesar,
689 1769 803 1801 cum
834 1769 980 1815 saepe
1006 1751 1237 1801 obnitens
1267 1760 1600 1815 repugnasset,
1628 1750 1888 1814 impetrare

220 1834 408 1898 potuit:
473 1851 589 1882 nam
637 1832 929 1882 dictaturam
977 1850 1126 1896 quam
1187 1833 1499 1896 pertinaciter
1545 1832 1590 1882 ei
1638 1835 1890 1883 deferebat
1944 1867 1946 1869 ψ
1999 1824 2005 1859 s

171 1925 196 1965 6
219 1917 446 1979 populus,
469 1924 568 1963 tam
595 1923 878 1963 constanter
900 1914 1124 1978 reppulit.
1165 1915 1295 1964 bella
1319 1915 1412 1964 sub
1437 1914 1729 1978 imperatore
1753 1926 1890 1980 gesta
1914 1934 1963 1962 20
1995 1920 2009 1955 Α

219 2007 520 2061 pacatusque
568 1996 784 2046 uictoriis
833 2006 1067 2046 terrarum
1119 1996 1251 2046 orbis
1299 2007 1348 2046 et
1394 2006 1468 2046 tot
1513 2007 1647 2047 extra
1694 1999 1887 2048 Italiam

219 2079 456 2143 domique
492 2096 642 2142 opera
677 2096 827 2128 omne
864 2079 975 2128 aeui
1014 2079 1089 2128 sui
1127 2079 1339 2143 spatium
1378 2079 1716 2143 impensurum
1749 2080 1799 2129 in
1836 2081 1887 2131 id

219 2163 380 2210 solum
406 2178 531 2224 opus
557 2160 843 2223 scriptorem
867 2160 1124 2223 fatigarent
1144 2180 1152 2209 :
1190 2177 1282 2209 nos
1307 2178 1551 2210 memores
1570 2161 1887 2225 professionis

219 2242 501 2291 uniuersam
549 2241 814 2304 imaginem
873 2241 1175 2305 principatus
1234 2241 1339 2291 eius
1398 2242 1553 2291 oculis
1611 2243 1887 2307 animisque

220 2323 534 2372 subiecimus.
1913 2338 1931 2365 2
1947 2339 1968 2378 5
2007 2317 2009 2361 ἶ

123 2414 196 2461 9ο
288 2403 516 2467 Sepultis‚
543 2412 598 2452 ut
620 2402 965 2467 praediximus,
987 2403 1129 2452 bellis
1149 2403 1376 2453 ciuilibus
1395 2404 1886 2469 coalescentibusque
1988 2391 1990 2393 Ι

278 2548 296 2573 1
329 2548 384 2573 ne
413 2534 457 2571 in
486 2533 627 2583 operis
657 2533 826 2583 quidem
859 2532 1072 2573 Gelenius:
1111 2534 1268 2573 nedum
1297 2533 1341 2571 in
1371 2534 1514 2583 operis
1541 2534 1751 2584 siquidem
1774 2535 1889 2575 AP:

205 2589 386 2640 fortasse
410 2601 637 2637 numquam
664 2600 718 2626 ne
746 2588 772 2627 i.
804 2600 840 2627 o.
872 2601 913 2638 q.
944 2588 970 2627 i.
1001 2601 1055 2628 m.
1236 2601 1262 2638 3
1292 2601 1317 2626 a
1346 2587 1412 2627 dis
1440 2588 1483 2626 A
1580 2590 1634 2627 de
1662 2589 1704 2626 A
1726 2603 1736 2628 ε
1775 2590 1830 2628 dii
1850 2591 1893 2629 P

219 2657 244 2693 4
273 2644 356 2683 foel.
376 2643 418 2680 A
497 2642 734 2681 consumari
755 2641 797 2679 A
910 2644 937 2681 6
957 2655 1119 2692 repres.
1134 2642 1177 2680 A
1300 2642 1475 2681 finitoA
1567 2656 1588 2692 7
1610 2644 1758 2683 bellaci
1782 2644 1888 2684 Iulia

1219 2708 1239 2729 e

218 2739 260 2776 A
352 2752 402 2778 10
430 2739 625 2778 redactus
645 2737 687 2775 A
793 2739 975 2778 Allectio
989 2738 1076 2787 del„
1095 2738 1183 2778 dein
1204 2738 1372 2778 allectio
1391 2738 1433 2776 A
1461 2739 1548 2790 (sic)
1651 2753 1701 2778 12
1717 2741 1825 2779 redit
1839 2740 1882 2778 A

219 2794 352 2833 saer-is
384 2794 496 2843 agris
525 2793 657 2832 sacris
684 2792 728 2831 A
762 2792 851 2845 (sic)
982 2805 1030 2843 15
1060 2794 1167 2847 letus
1196 2793 1238 2831 A
1361 2794 1422 2832 he
1439 2793 1707 2843 amplissimis
1725 2794 1768 2831 A
1795 2795 1882 2847 (sic)

163 2870 166 2873 -
223 2850 273 2887 16
304 2849 553 2887 adhortatur
579 2847 649 2888 A:
700 2848 870 2887 hortatu
897 2847 965 2887 P:
1013 2848 1238 2887 adhortatu
1262 2846 1390 2886 Orelli
1538 2861 1586 2897 17
1615 2848 1688 2897 qui
1717 2850 1884 2899 scripsi:

220 2916 345 2952 quem
364 2902 460 2953 ΑΡ,
486 2901 577 2941 uide
596 2902 758 2941 Comm.
776 2902 872 2942 Crit.
1019 2916 1146 2952 quem
1161 2903 1284 2941 Kritz
1304 2902 1476 2952 retinuit,
1494 2903 1709 2952 impetrari
1730 2904 1887 2954 scripsit

214 2962 291 3007 pro
311 2957 537 3007 impetrare
556 2971 566 2996 ε
594 2957 695 3006 quin
716 2956 904 3008 Maduig,
927 2956 1065 2995 addito
1084 2970 1170 2995 non
1190 2961 1285 2996 ante
1303 2956 1441 3007 potuit
1598 2958 1647 2996 18
1676 2957 1885 3008 imperare

219 3017 417 3062 suprascr.
440 3012 667 3061 impetrare
687 3010 729 3048 A
877 3025 930 3050 20
958 3011 1113 3062 repulit
1131 3011 1174 3050 A
1198 3025 1208 3050 ε
1237 3014 1493 3061 imperatore
1514 3024 1567 3050 eo
1590 3011 1719 3050 Orelli
1830 3025 1882 3051 22

221 3065 307 3116 inp.
330 3065 372 3103 A
518 3078 570 3116 23
598 3065 826 3115 fatigarent
851 3065 977 3105 Voss:
1006 3066 1183 3116 fatigant
1202 3065 1314 3106 AP:
1344 3065 1522 3115 fatigent
1540 3065 1759 3105 Acidalius

1010 3141 1084 3170 102
