2014 3392
818 244 1036 293 LIBER
1071 244 1126 292 ΙΙ

134 387 355 452 exempli
394 386 701 437 tribunatum
738 384 1000 448 ingressuS,
1026 385 1175 447 longe
1206 382 1395 433 maiora
1431 392 1481 433 et
1520 383 1709 434 acriora
1745 401 1815 434 re-

135 480 314 535 petens
354 469 510 519 dabat
549 467 803 517 ciuitatem
845 465 1081 533 omnibus
1122 463 1324 525 Italicis,
1363 465 1664 515 extendebat
1701 482 1811 515 eam

134 568 297 616 paene
341 566 501 615 usque
546 548 704 613 Alpis,
746 547 1006 598 diuidebat
1051 562 1209 611 agrOS‚
1258 546 1461 596 uetabat
1507 562 1810 610 quemquam
1836 571 1861 609 3

135 633 300 683 ciuem
346 634 458 696 plus
504 629 788 696 quingentis
828 628 1080 693 iugeribus
1116 628 1315 688 habere,
1356 629 1496 692 quod
1540 627 1812 692 aliquando

75 717 118 772 *2
135 718 245 781 lege
268 715 462 765 Licinia
492 724 694 765 cautum
726 723 844 773 erat,
870 729 1006 762 noua
1037 711 1372 762 constituebat
1408 710 1640 775 portoria,
1666 711 1812 761 nouis

133 799 344 850 coloniis
367 799 589 863 replebat
613 796 910 862 prouincias,
935 795 1120 846 iudicia
1141 812 1173 844 a
1200 804 1375 845 senatu
1399 793 1723 843 transferebat
1746 796 1812 843 ad
1899 829 1903 839 .

131 881 340 946 equites,
375 882 681 930 frumentum
717 877 854 943 plebi
888 877 994 928 dari
1029 876 1340 938 instituerat3
1385 875 1510 925 nihil
1544 875 1808 935 inmotum,

130 962 255 1013 nihil
291 962 629 1027 tranquillum,
668 960 793 1010 nihil
830 960 1071 1024 quietum,
1115 961 1250 1009 nihil
1278 957 1498 1023 denique
1533 957 1587 1007 in
1627 958 1808 1007 eodem

130 1053 262 1095 statu
285 1044 628 1109 relinquebat;
675 1042 798 1107 quin
829 1044 1038 1092 alterum
1070 1041 1220 1092 etiam
1252 1039 1564 1091 continuauit
1595 1038 1811 1089 tribuna-

81 1148 111 1178 ο
129 1136 251 1177 tum.
342 1129 500 1176 Hunc
559 1127 614 1175 L.
664 1124 897 1189 Opimius
943 1125 1134 1184 consul,
1182 1123 1270 1188 qui
1315 1131 1512 1187 praetor
1563 1123 1808 1186 Fregellas
1831 1141 1858 1180 4

129 1207 391 1269 exciderat,
417 1217 704 1272 persecutus
727 1206 876 1256 armis
908 1222 1108 1270 unaque
1146 1204 1380 1255 Fuluium
1417 1206 1668 1265 Flaccum,
1694 1220 1810 1253 con-

127 1290 341 1339 sularem
386 1306 446 1339 ac
487 1288 838 1352 triumphalem
885 1286 1062 1348 uirum,
1104 1303 1266 1351 aeque
1306 1303 1460 1351 praua
1505 1285 1805 1350 cupientem,

126 1387 279 1436 quem
326 1372 385 1423 C.
436 1372 693 1421 Gracchus
738 1369 791 1419 in
838 1371 1005 1419 locum
1058 1369 1229 1419 Tiberi
1282 1368 1440 1419 fratris
1494 1368 1806 1418 triumuirum

127 1452 487 1514 nominauerat,
513 1454 731 1503 eundem
756 1451 949 1502 socium
972 1451 1147 1516 regalis
1170 1452 1515 1515 adsumpserat
1538 1451 1805 1514 potentiae,

81 1556 108 1598 5
128 1544 289 1585 morte
309 1534 508 1585 adfecit.
580 1534 634 1584 id
657 1551 813 1584 unum
838 1533 1023 1583 nefarie
1046 1533 1112 1583 ab
1136 1532 1342 1597 Opimio
1372 1533 1642 1598 proditum,
1668 1534 1807 1597 quod
1831 1557 1853 1595 5

126 1615 303 1680 eapitis
342 1633 446 1666 non
486 1615 653 1666 dicam
691 1614 920 1675 Gracchi,
958 1616 1049 1664 sed
1086 1614 1210 1664 ciuis
1249 1614 1469 1665 Romani
1502 1614 1717 1679 pretium
1753 1633 1807 1665 se

125 1698 357 1748 daturum
404 1697 558 1763 idque
601 1714 724 1747 auro
769 1713 1093 1761 repensurum
1139 1696 1412 1761 proposuit.
1499 1699 1708 1748 Flaccus
1754 1698 1805 1746 in
1830 1713 1855 1753 6

126 1779 382 1830 Auentino
417 1789 634 1830 armatos
665 1781 732 1830 ad
763 1795 982 1843 pugnam
1015 1778 1158 1829 ciens
1183 1795 1300 1828 cum
1332 1778 1436 1829 filio
1460 1779 1647 1830 maiore
1670 1779 1806 1844 iugu-

126 1862 255 1911 latus
278 1871 385 1923 est3
419 1862 676 1911 Gracchus
699 1860 999 1925 profugiens,
1025 1877 1141 1910 cum
1169 1860 1269 1910 iam
1301 1862 1806 1925 comprehenderetur

125 1942 193 1992 ab
238 1941 312 2003 iis,
361 1959 491 2007 quos
537 1942 770 2007 Opimius
824 1942 1038 2003 miserat,
1091 1941 1339 1992 ceruicem
1398 1945 1604 2007 Euporo
1658 1960 1804 1994 seruo

124 2024 367 2089 praebuit,
397 2024 484 2090 qui
515 2041 619 2075 non
655 2024 854 2089 segnius
887 2041 940 2075 se
974 2024 1082 2089 ipse
1116 2023 1378 2086 interemit,
1406 2041 1558 2089 quam
1593 2026 1803 2076 domino

123 2117 440 2158 succurrerat.
513 2124 616 2173 quo
639 2106 723 2157 die
745 2106 1003 2171 singularis
1028 2106 1279 2171 Pomponi
1301 2106 1482 2172 equitis
1507 2108 1727 2158 Romani
1751 2108 1802 2157 in

124 2188 407 2239 Gracchum
433 2190 558 2239 fides
582 2187 687 2250 fuit,
714 2188 800 2254 qui
832 2205 971 2239 more
1003 2188 1210 2240 Coclitis
1242 2189 1527 2240 sustentatis
1564 2189 1616 2239 in
1647 2201 1803 2254 ponte

124 2269 353 2320 hostibus
367 2270 489 2331 eius,
505 2270 672 2335 gladio
689 2286 744 2320 se
762 2269 1012 2320 transfudt.
1057 2280 1112 2320 ut
1126 2269 1203 2320 Ti.
1217 2270 1431 2321 Gracchi
1444 2280 1592 2322 antea
1606 2289 1800 2337 corpuS‚
1829 2287 1860 2340 7'

80 2363 104 2406 5
124 2349 194 2401 ita
217 2350 312 2402 Gai
336 2351 460 2402 mira
482 2352 773 2403 crudelitate
795 2351 1041 2402 uictorum
1066 2352 1118 2402 in
1142 2351 1365 2403 Tiberim
1390 2352 1641 2404 deiectum
1666 2365 1753 2405 est.

183 2493 203 2522 r
235 2487 440 2534 repetens
466 2482 580 2522 AP:
608 2488 764 2534 petens
783 2482 991 2523 Ruhnken
1143 2495 1170 2534 3
1197 2495 1333 2535 usque
1376 2484 1450 2536 ad]
1471 2483 1620 2525 Nova'k
1774 2490 1801 2526 6

123 2536 361 2589 pmintins
376 2537 420 2577 A
560 2549 584 2587 7
612 2549 696 2589 aeq.
710 2538 753 2578 A
867 2538 971 2578 dare
986 2537 1140 2590 Aldus,
1155 2538 1230 2578 sed
1240 2538 1332 2578 uide
1403 2539 1533 2590 §lfflae'n
1548 2539 1608 2580 ad
1615 2540 1651 2581 b.
1667 2541 1797 2592 Afh'c.

123 2601 190 2642 51.
208 2603 235 2631 ο
339 2591 588 2632 instituebat
601 2592 728 2632 Hm!
821 2591 1040 2634 imm.AP
1171 2593 1199 2632 8
1227 2593 1331 2633 nihil
1351 2594 1463 2646 (ante
1477 2594 1686 2646 denique)
1700 2596 1795 2638 add.

123 2645 270 2687 Haau
298 2645 554 2700 pmeoedente
587 2647 766 2688 Onllio:
813 2648 917 2688 nihil
950 2647 1144 2698 quietum
1178 2648 1366 2700 denique
1401 2654 1445 2689 et
1478 2649 1523 2688 in
1557 2650 1709 2690 eodem
1743 2658 1796 2694 st.

124 2699 394 2753 relinquebat
423 2700 555 2743 Boot:
580 2701 686 2753 son.
715 2714 856 2754 neque
886 2702 930 2742 in
961 2715 999 2744 e.
1029 2707 1142 2743 statu
1338 2716 1389 2743 10
1417 2703 1544 2746 COS.
1564 2705 1638 2756 qui
1669 2705 1713 2745 P.
1741 2706 1794 2750 R.

122 2755 168 2796 A
186 2761 226 2795 et
252 2756 297 2796 in
326 2767 464 2809 marg.
495 2755 693 2796 PRAET
875 2769 921 2797 ιι
954 2763 1239 2809 persequutus
1267 2757 1312 2798 P
1487 2771 1535 2810 13
1564 2760 1690 2800 tiberi
1723 2762 1797 2803 A:

122 2807 282 2851 Tiberii
294 2808 339 2851 P
448 2822 497 2862 ¹⁴
513 2823 611 2851 eum
624 2810 738 2851 AP:
757 2824 942 2863 eumque
958 2811 1169 2855 Gelenius:
1190 2825 1329 2864 eoque
1341 2812 1543 2854 Heinsius
1554 2815 1771 2868 “Bentley
1787 2832 1798 2858 ε

121 2864 462 2919 m’peu‘eundem
551 2877 602 2917 15
620 2865 765 2907 adficit
777 2866 876 2920 ΑΡ,
897 2880 976 2908 em.
991 2866 1117 2908 Hml
1202 2869 1251 2907 16
1279 2868 1476 2919 pretium
1491 2871 1795 2913 sedaturumA

126 2972 177 3013 ¹⁷
205 2930 648 3014 ann-onenpensurum
667 2964 711 3003 A
736 2964 824 3015 (sic)
942 2964 992 3004 18
1019 2969 1206 3005 armatos
1229 2964 1442 3007 Gelenius:
1476 2974 1666 3010 umatus
1683 2970 1797 3012 AP:

123 3016 178 3056 ed
197 3015 310 3056 AP:
338 3023 527 3059 “mame
546 3030 596 3059 ae
616 3030 658 3070 p.
688 3018 807 3059 ciens
835 3018 959 3060 Kn‘tn
1082 3031 1135 3059 σο
1162 3020 1319 3071 equitis
1339 3043 1350 3055 ·
1372 3020 1428 3061 R·
1447 3022 1491 3063 A
1619 3037 1673 3077 2⁴
1701 3027 1796 3065 eius

124 3069 199 3112 da.
218 3070 419 3111 Heinsius
571 3085 620 3114 se
662 3073 778 3125 ipse]
798 3071 948 3114 Novdh
1100 3074 1175 3115 tibi
1195 3074 1286 3127 del„
1308 3074 1402 3118 dem
1419 3084 1622 3132 suprascr.
1643 3079 1733 3121 Tib.
1752 3084 1792 3122 A

124 3136 178 3177 25
205 3138 383 3177 ‘numm
401 3133 603 3181 suprascr.
665 3128 705 3168 ni
726 3129 832 3169 mira
851 3129 895 3169 A
915 3143 925 3169 ε
954 3128 1049 3170 Gaii
1071 3130 1175 3171 mira
1195 3130 1239 3171 Ρ

940 3207 988 3249 25
