2014 3392
716 217 974 265 VELLEI
1013 216 1412 299 PATERCYLI

235 375 384 408 causa
407 359 472 407 ad
497 374 611 407 eum
637 358 917 415 deferretur,
945 372 1047 404 non
1072 354 1123 403 ui
1146 355 1210 403 ab
1235 371 1296 404 eo
1329 362 1665 417 occuparetur,
1685 349 1903 416 'cupidis‘-

236 440 403 500 simus,
431 441 531 488 dux
566 439 698 487 bello
734 436 1071 501 peritissimus,
1103 435 1224 485 ciuis
1260 435 1312 484 in
1350 445 1477 499 toga,
1516 434 1611 483 nisi
1647 434 1735 483 ubi
1771 450 1905 482 uere-

235 531 465 570 retur-ne
501 536 651 584 quem
689 519 892 567 haberet
927 534 1110 580 parem,
1145 516 1552 575 modestissimus,
1579 514 1904 563 amicitiarum

237 612 395 662 tenax,
423 602 474 650 in
511 600 709 650 offensis
746 599 1019 659 exorabilis,
1046 598 1097 646 in
1139 598 1504 647 reconcilianda
1540 596 1693 660 gratia
1730 596 1907 645 fidelis-

238 683 405 743 simus,
449 683 500 731 in
547 681 838 744 accipienda
875 679 1207 729 satisfactione
1244 679 1519 738 facillimus,
1560 677 1782 742 potentia
1819 694 1908 726 sua
1931 693 1951 730 5
2003 668 2005 700 ³

190 783 216 821 4
240 782 515 828 numquam
562 773 646 812 aut
687 780 794 811 raro
832 764 897 811 ad
938 761 1266 825 inpotentiam
1307 779 1438 821 usus,
1482 777 1641 824 paene
1682 758 1907 808 omnium

242 846 474 896 uitiorum
501 861 685 908 expers,
713 843 807 892 nisi
835 849 1186 892 numeraretur
1203 842 1329 891 inter
1353 841 1566 890 maxima
1593 839 1684 907 [in]
1711 840 1909 889 ciuitate

242 928 395 976 libera
427 925 731 988 dominaque
762 923 984 988 gentium
1016 923 1273 987 indignari,
1305 941 1421 972 cum
1453 922 1615 972 omnis
1648 921 1771 971 ciuis
1806 921 1910 970 iure

243 1009 447 1057 haberet
493 1006 636 1070 paris,
681 1022 984 1069 quemquam
1025 1007 1284 1069 aequalem
1322 1004 1560 1068 dignitate
1606 1002 1906 1066 conspicere.

197 1113 219 1152 5
243 1089 324 1138 hic
361 1106 390 1137 a
427 1098 542 1151 toga
578 1087 705 1135 uirili
741 1088 976 1135 adsuetus
1015 1085 1306 1135 commilitio
1346 1084 1716 1149 prudentissimi
1754 1083 1909 1143 ducis,
1972 1068 1978 1077 .

241 1169 456 1233 parentis
482 1168 571 1228 sui,
599 1169 789 1217 bonum
814 1177 863 1216 et
887 1184 1041 1230 capax
1064 1177 1197 1216 recta
1221 1166 1446 1216 discendi
1474 1166 1728 1230 ingenium
1753 1165 1914 1228 singu·
1944 1201 1945 1204 η
2013 1155 2014 1186 3

243 1251 330 1300 lari
355 1268 517 1299 rerum
554 1249 838 1298 militarium
869 1249 1132 1312 prudentia
1164 1250 1442 1298 excoluerat
1466 1248 1535 1297 ita
1558 1257 1612 1297 ut
1635 1265 1665 1296 a
1696 1246 1911 1296 Sertorio

247 1334 480 1382 Metellus
505 1333 785 1380 laudaretur
809 1330 977 1394 magis,
1006 1330 1273 1394 Pompeius
1298 1330 1549 1379 timeretur
1573 1329 1797 1378 ualidius.

156 1434 226 1482 30
314 1417 447 1463 Tum
469 1415 539 1461 M.
564 1415 824 1475 Perpenna
846 1412 1132 1475 praetorius,
1154 1429 1181 1461 e
1205 1411 1502 1475 proscriptis,
1521 1411 1680 1474 gentis
1698 1408 1913 1459 clarioris

247 1513 397 1559 quam
422 1494 588 1554 animi,
618 1494 886 1544 Sertorium
915 1494 1041 1543 inter
1065 1511 1240 1543 cenam
1267 1495 1428 1544 Oscae
1460 1492 1707 1542 interemit
1733 1494 1915 1541 Roma·
1941 1506 1988 1546 15

247 1578 423 1641 nisque
459 1586 643 1625 certam
682 1575 954 1636 uictoriam,
993 1575 1214 1639 partibus
1257 1574 1357 1625 suis
1393 1574 1655 1635 excidium,
1691 1573 1786 1623 sibi
1821 1582 1916 1622 tur-

203 1683 223 1711 2
247 1659 502 1722 pissimam
541 1666 751 1706 mortem
793 1656 1010 1720 pessimo
1051 1656 1325 1706 auctorauit
1365 1656 1595 1706 facinore.
1683 1657 1917 1705 Metellus

249 1749 297 1789 et
331 1738 599 1801 Pompeius
633 1755 692 1787 ex
726 1737 984 1801 Hispaniis
1016 1737 1444 1801 triumphauerunt
1460 1756 1475 1798 3
1510 1738 1599 1787 sed
1632 1736 1914 1800 Pompeius,

250 1823 347 1869 hoc
383 1836 585 1883 quoque
623 1819 874 1882 triumpho
916 1821 1082 1868 adhuc
1123 1835 1275 1882 eques
1314 1821 1587 1879 Romanus,
1625 1827 1741 1867 ante
1781 1817 1916 1867 diem

204 1923 226 1961 3
251 1919 401 1965 quam
427 1902 741 1950 consulatum
773 1900 929 1960 iniret,
958 1918 1101 1950 curru
1130 1901 1305 1950 urbem
1340 1900 1567 1950 inuectus
1605 1910 1692 1950 est.
1765 1918 1916 1964 quem
1943 1916 2014 1944 20:

252 1982 413 2031 uirum
453 1981 562 2045 quis
605 1998 707 2031 non
745 1981 944 2031 miretur
982 1999 1069 2045 per
1103 1991 1177 2031 tot
1213 1982 1594 2031 extraordinaria
1627 1982 1833 2046 imperia
1867 1983 1918 2032 in

253 2081 506 2113 summum
522 2062 769 2126 fastigium
786 2073 1017 2112 euectum
1037 2063 1210 2127 iniquo
1229 2063 1399 2113 tulisse
1413 2063 1596 2124 animo,
1620 2066 1676 2115 C.
1697 2065 1920 2115 Caesaris

255 2146 460 2194 absentis
494 2144 546 2193 in
582 2146 735 2194 altero
772 2147 1032 2194 consulatu
1067 2146 1287 2209 petendo
1321 2155 1547 2195 senatum
1579 2148 1922 2211 populumque

315 2289 332 2314 1
365 2275 407 2313 ui
423 2274 660 2314 Mommsen
677 2289 685 2315 ε
717 2280 763 2314 ut
778 2274 869 2313 AP
974 2289 999 2314 2
1027 2276 1191 2315 emis-is
1211 2276 1316 2315 ciuis
1332 2275 1419 2329 (sic)
1436 2275 1480 2314 A
1498 2291 1508 2317 t
1534 2276 1639 2315 ciuis
1652 2277 1695 2315 P
1799 2290 1824 2327 3
1844 2290 1924 2317 nec

257 2343 385 2380 quem
404 2329 447 2367 A
544 2344 569 2380 4
591 2329 956 2369 reconsiliandaA
1053 2342 1078 2380 5
1098 2331 1360 2370 sacilimusA
1456 2332 1484 2368 6
1504 2332 1602 2381 imp.
1617 2330 1707 2369 AP
1758 2331 1921 2386 peneA

260 2399 282 2435 7
314 2391 510 2424 uotorum
529 2383 629 2433 ΑΡ,
657 2397 733 2424 em.
758 2383 901 2423 Aldus
1086 2384 1087 2387 ’
1119 2386 1163 2424 in
1185 2386 1358 2424 ciuitate
1378 2385 1445 2424 B:
1479 2386 1522 2424 in
1552 2386 1772 2425 ciuitatem
1790 2388 1848 2437 A,
1881 2387 1924 2425 in

257 2445 295 2478 et
314 2453 355 2478 rn
375 2439 481 2478 linea
499 2438 610 2488 infra
630 2439 780 2477 notatis
797 2454 806 2478 :
836 2439 1009 2478 ciuitate
1027 2438 1071 2477 P
1230 2441 1256 2478 8
1285 2452 1434 2479 omnes
1454 2441 1571 2479 ciues
1590 2440 1631 2478 A
1795 2455 1822 2492 9
1851 2454 1928 2492 par

260 2506 553 2544 esquenquam
584 2494 671 2547 (sic)
691 2493 734 2531 A
906 2506 955 2532 10
983 2494 1103 2533 hicce
1135 2500 1184 2534 te
1216 2508 1324 2545 coga
1353 2495 1441 2547 (sic)
1467 2495 1510 2533 A
1534 2510 1543 2535 ε
1584 2495 1705 2534 hicce
1739 2501 1838 2545 toga
1860 2495 1927 2534 P:

260 2550 328 2588 hic
360 2563 385 2587 a
414 2553 514 2598 toga
544 2549 585 2586 B
693 2548 940 2598 adsumptus
972 2549 1179 2588 Ruhnken
1360 2562 1410 2588 12
1439 2550 1690 2599 prudentiae
1723 2550 1929 2589 celeriora

261 2609 305 2643 et
336 2617 361 2642 a
393 2604 500 2649 (oeta
531 2609 732 2654 suprascr.
766 2606 832 2646 &a
865 2602 929 2654 A)
960 2602 1073 2656 PAV:
1116 2604 1343 2654 prudentia
1372 2603 1552 2643 celerior
1577 2605 1634 2643 ita
1662 2610 1708 2643 ut
1741 2619 1766 2643 a
1788 2605 1930 2656 potius

261 2658 478 2709 legendum
520 2658 697 2696 censebat
733 2657 892 2696 Burer:
945 2659 1169 2707 prudentia
1206 2659 1450 2698 excoluerat
1495 2659 1702 2710 (coluerat
1750 2659 1925 2710 Gruner)

262 2713 470 2752 Ruhnken
584 2724 631 2761 13
662 2712 837 2751 timetur
852 2712 1018 2751 ualidus
1037 2712 1079 2750 A
1207 2726 1254 2761 14
1283 2714 1431 2763 gent-ib
1449 2714 1592 2763 gentis
1610 2713 1653 2751 A
1678 2714 1765 2764 (sic)
1881 2725 1928 2763 15

265 2768 446 2806 Etoscae
458 2766 555 2818 ΑΡ,
572 2780 648 2805 em.
665 2765 899 2806 Puteanus:
920 2772 963 2806 et
977 2767 1203 2817 hospitium
1226 2768 1365 2807 Oscae
1401 2768 1582 2807 Thomas
1693 2769 1930 2807 Romanos-

263 2835 346 2871 que
380 2821 422 2859 A
636 2823 686 2859 16
714 2822 1001 2871 turpissimam
1038 2829 1210 2872 εει-ἔρεθε»
1245 2825 1463 2876 (suprascr.
1503 2823 1700 2863 mortem&
1740 2824 1927 2873 pessimfi

266 2877 385 2925 (olim
419 2876 622 2929 pessimo)
659 2876 898 2915 auctorauit
930 2877 956 2914 f.
992 2876 1035 2913 A
1075 2877 1160 2928 (sic)
1345 2890 1392 2927 17
1423 2878 1649 2916 maturauit
1682 2877 1930 2916 Cornelissen

268 2933 318 2970 18
347 2936 390 2969 et
414 2944 494 2970 om.
523 2929 564 2968 A
680 2930 902 2980 Hispaniis
922 2930 1004 2969 BA
1024 2944 1033 2971 :
1065 2930 1272 2981 Hispanis
1290 2931 1333 2970 P
1491 2944 1541 2970 21
1571 2933 1667 2982 quis
1690 2932 1933 2971 nominetur

266 2985 308 3022 A
331 3000 339 3025 :
372 2998 476 3024 num
496 2985 734 3025 ominetur?
875 2998 928 3024 22
958 2990 1126 3024 uectum
1146 2985 1243 3037 ΑΡ,
1265 3000 1344 3026 em.
1366 2985 1566 3026 Heinsius
1706 2987 1847 3026 animo
1866 2986 1931 3024 P:

266 3040 410 3089 iniquo
431 3039 473 3077 A
641 3052 694 3090 23
723 3040 912 3079 absentis
931 3040 1023 3079 add.
1044 3040 1208 3079 Krause

1070 3154 1123 3205 48
