2014 3392
6 0 75 244 ff

39 264 53 309 ἱ

800 216 1016 266 LIBER
1053 215 1107 265 11

8 356 10 364 '
43 393 56 420 a
116 356 332 422 amplius
366 371 399 407 c
433 357 571 406 milia
606 354 883 406 hominum.
955 358 1051 406 hac
1085 355 1293 407 uictoria
1326 355 1523 407 uidetur
1557 357 1794 408 meruisse

15 447 22 454 '
43 442 60 458 ⁸
119 438 324 499 MasiuS,
345 455 409 488 ne
435 437 542 487 eius
564 436 668 486 nati
691 453 796 486 rem
819 436 1072 501 publicam
1097 436 1384 501 paeniteret,
1410 455 1470 487 ac
1494 440 1626 488 mala
1648 439 1794 489 bonis

7 540 52 577 γη
118 535 419 585 repensasse.
491 527 657 568 sextus
703 519 991 567 consulatus
1038 517 1194 568 ueluti
1238 518 1515 582 praemium
1562 519 1609 568 ei
1655 520 1795 570 meri-
1817 526 1842 565 6

18 583 24 590 ⁸
118 610 283 659 torum
306 601 465 650 datus.
538 615 641 648 non
666 608 834 648 tamen
858 598 1005 648 huius
1029 600 1316 649 consulatus
1344 601 1597 649 fraudetur
1623 600 1791 664 gloria,

8 717 50 745 ,ι
67 701 98 743 5
118 698 221 747 quo
266 680 442 731 Seruili
489 679 727 731 Glauciae
777 679 1129 744 Saturninique
1174 680 1358 744 Apulei
1408 683 1624 731 furorem
1679 698 1795 731 con-

28 752 30 755 *
117 761 319 814 tinuatis
342 761 617 811 honoribus
640 778 745 810 rem
768 761 1022 825 publicam
1051 761 1373 812 lacerantium
1397 771 1447 812 et
1474 762 1650 827 gladiis
1675 780 1795 827 quo-

40 855 45 861 ·
117 861 217 910 que
238 853 289 894 et
312 844 467 893 mede
490 842 693 893 comitia
710 842 1097 904 discutientium,
1119 845 1295 893 consul
1311 844 1460 894 armis
1485 845 1793 908 compescuit

26 917 38 999 ’ᾗ
117 925 448 988 hominesque
472 923 744 973 exitiabiles
767 923 819 973 in
846 923 1067 974 Hostilia
1090 924 1225 974 curia
1249 934 1408 975 morte
1431 924 1674 975 multauit.

8 996 9 1006 ¹
187 1005 388 1056 Deinde
411 1004 678 1055 interiectis
702 1005 874 1069 paucis
897 1005 1041 1055 annis
1060 1004 1365 1056 tribunatum
1390 1006 1499 1056 iniit
1525 1008 1596 1057 M.
1620 1006 1792 1056 Liuius
1818 1021 1872 1068 13

4 1081 7 1163 ᾗ
65 1107 97 1138 ο
120 1090 328 1147 DrusuS,
387 1086 463 1136 uir
519 1085 873 1147 nobilissimuS,
929 1085 1379 1150 eloquentissimus,
1437 1087 1790 1148 sanctissimuS,

4 1166 30 1236 ⁵.
118 1168 322 1219 meliore
366 1167 419 1217 in
466 1167 637 1218 omnia
676 1167 878 1232 ingenio
917 1167 1188 1233 animoque
1228 1185 1381 1233 quam
1419 1171 1618 1220 fortuna
1656 1187 1788 1220 usus.

4 1237 6 1241 ¹
60 1262 61 1265 ’
116 1250 204 1316 qui
226 1267 341 1300 cum
367 1249 562 1300 senatui
584 1249 802 1314 priscum
830 1250 1086 1300 restituere
1114 1261 1317 1315 cuperet
1347 1253 1502 1302 decus
1531 1261 1581 1302 et
1609 1251 1794 1302 iudicia
1821 1270 1839 1296 2

4 1335 35 1397 3'-
114 1331 182 1382 ab
215 1331 467 1396 equitibus
501 1332 567 1381 ad
595 1347 711 1380 eum
736 1332 995 1381 transferre
1023 1331 1251 1382 ordinem
1277 1332 1484 1398 (quippe
1516 1351 1627 1383 eam
1659 1344 1795 1398 pote-

26 1462 30 1477 ,
116 1422 294 1464 statem
341 1412 474 1462 nacti
520 1412 711 1476 equites
759 1412 1063 1463 Gracchanis
1109 1413 1301 1478 legibus
1347 1431 1463 1464 cum
1510 1415 1562 1464 in
1610 1418 1793 1466 multos

67 1513 96 1555 v5
116 1493 414 1545 clarissimos
447 1503 599 1557 atque
632 1493 1070 1544 innocentissimos
1104 1494 1238 1545 uiros
1273 1495 1561 1557 saeuissent,
1599 1506 1706 1547 tum
1738 1500 1790 1547 P.

4 1571 6 1575 ⁸
117 1575 378 1636 Rutilium,
404 1575 566 1625 uirum
599 1591 702 1625 non
735 1575 919 1625 saeculi
951 1575 1042 1636 sui,
1068 1577 1158 1626 sed
1189 1576 1354 1627 omnis
1385 1577 1498 1627 aeui
1529 1577 1790 1642 optimum,

3 1705 14 1726 b„
115 1657 467 1722 interrogatum
497 1658 606 1721 lege
639 1658 1026 1721 repetundarum
1062 1657 1280 1708 maximo
1312 1675 1428 1708 cum
1457 1647 1644 1724 gemitu
1677 1660 1794 1710 ciui-

3 1736 8 1775 2
28 1771 30 1775 ,
114 1738 229 1791 tatis
253 1736 649 1803 damnauerant)‚
675 1738 727 1787 in
752 1738 811 1788 iis
835 1738 969 1803 ipsiS,
997 1756 1126 1804 quae
1149 1756 1240 1804 pro
1272 1749 1447 1790 senatu
1479 1741 1790 1803 moliebatur,

30 1842 35 1890 j
116 1830 344 1872 senatum
380 1819 554 1870 habuit
588 1820 925 1870 aduersarium
962 1838 1066 1871 non
1101 1821 1486 1886 intellegentem,
1521 1823 1562 1873 si
1597 1841 1698 1888 qua
1728 1826 1793 1874 de

3 1953 33 1969 ,,
80 1901 278 1968 plebis
323 1901 605 1952 commodis
650 1902 716 1952 ab
757 1919 819 1952 eo
864 1911 1137 1967 agerentur,
1180 1903 1337 1954 ueluti
1382 1903 1682 1956 inescandae
1722 1906 1794 1955 in-

4 1973 33 2011 ³¹
115 1982 460 2047 liciendaeque
485 1982 816 2033 multitudinis
840 1999 990 2033 causa
1012 1983 1132 2045 fieri,
1158 1994 1213 2034 ut
1241 1984 1517 2036 minoribus
1546 1988 1791 2052 perceptis

114 2064 303 2120 maiora
347 2063 664 2129 permitteret-
759 2064 979 2129 denique
1025 2082 1086 2116 ea
1134 2067 1334 2116 fortuna
1381 2067 1533 2118 Drusi
1582 2067 1688 2130 fuit,
1738 2079 1792 2118 ut
1815 2092 1838 2130 3

114 2147 374 2196 malefacta
419 2147 718 2210 collegarum
774 2146 1004 2210 quamuis
1059 2147 1247 2211 optime
1292 2148 1358 2198 ab
1404 2147 1514 2212 ipso
1565 2149 1790 2214 cogitatis

114 2237 315 2279 senatus
339 2228 570 2292 probaret
595 2227 764 2292 magiS‚
791 2237 841 2278 et
864 2229 1123 2289 honorem,
1150 2228 1237 2293 qui
1267 2229 1333 2279 ab
1366 2246 1428 2279 eo
1461 2231 1787 2299 deferebatur,

115 2320 381 2375 sperneret,
402 2308 618 2370 iniuriam,
639 2325 768 2373 quae
790 2309 857 2359 ab
879 2309 988 2360 aliis
1012 2309 1412 2372 intendebantur,
1432 2318 1596 2376 aequo
1619 2311 1790 2364 animo

33 2455 36 2458 .
114 2389 366 2456 reciperet,
393 2400 442 2441 et
471 2390 618 2440 huius
647 2407 873 2441 summae
903 2390 1086 2456 gloriae
1118 2390 1377 2454 inuideret,
1403 2391 1600 2443 illorum
1634 2395 1791 2444 modi-

34 2476 37 2484 '
114 2487 225 2523 cam
248 2473 406 2523 ferret.

13 2614 35 2633 ‘1
173 2614 193 2642 1
223 2601 251 2643 ἔ
268 2602 383 2643 AP.
408 2604 462 2643 ὀἳ
488 2602 705 2644 Puteanus
729 2608 768 2643 et
793 2603 961 2657 Lipsius
1125 2618 1151 2645 ο
1181 2605 1291 2646 mala
1318 2605 1442 2646 bonis
1461 2605 1649 2646 Boecler.
1675 2606 1788 2647 bona

4 2681 6 2689 ‚
115 2656 238 2698 aaliz
255 2656 370 2698 AP·
397 2657 521 2698 bonis
546 2658 657 2699 mala
685 2658 859 2699 cludam
1020 2671 1048 2711 3
1074 2672 1335 2724 prem
1358 2660 1595 2712 praemium
1624 2662 1715 2714 (sic)
1741 2662 1784 2700 A

5 2735 6 2744 κ
114 2722 143 2764 3
169 2712 353 2806 Appulei
385 2712 585 2766 Kreyssr'g
746 2725 772 2764 7
801 2713 1095 2755 consularibus
1132 2715 1261 2755 armis
1288 2714 1442 2755 Acidal
1440 2728 1506 2755 nus
1661 2723 1788 2768 cope-

114 2766 284 2808 neuiiA
430 2769 459 2808 8
488 2767 727 2808 exitiabiles
745 2775 948 2821 suprascr.
970 2769 1168 2810 exitiales
1187 2769 1258 2808 A
1344 2769 1653 2811 mulctauitA:
1683 2771 1787 2811 mul-

114 2821 223 2862 mit
240 2819 285 2861 P
448 2834 499 2874 ¹9
527 2822 835 2872 intelligentem
855 2822 947 2862 ΑΡ
1063 2837 1118 2864 20
1145 2824 1378 2864 inescande
1408 2825 1722 2876 inliciendeque
1740 2826 1784 2864 A

116 2886 165 2918 ει
195 2877 442 2928 praeceptis
470 2881 508 2917 et
533 2877 833 2929 permitterent
857 2877 1058 2918 Heinsius
1086 2879 1142 2928 (et
1169 2878 1384 2931 Bentlfflx
1412 2879 1517 2931 sort.
1551 2881 1787 2920 remitteret

193 2931 391 2983 quamuis
419 2931 494 2972 A:
526 2944 654 2983 quam
682 2932 777 2972 eius
804 2931 871 2973 P:
905 2932 1000 2973 eius
1026 2945 1152 2985 quam
1179 2933 1414 2974 Ruhnken:
1452 2947 1576 2986 quam
1607 2936 1787 2987 quaeuis

245 2985 321 3025 Ιίόι
450 2986 651 3038 cogitati,
674 2987 844 3039 scripsit
887 2987 1071 3038 cogitata
1089 2987 1181 3027 ΑΡ
1345 3002 1398 3039 24
1426 2989 1723 3030 desei-rebatur
1740 2990 1782 3028 A

114 3050 169 3090 25
194 3039 290 3081 aliis
321 3038 435 3080 AP:
474 3040 558 3081 illis
581 3041 789 3082 Ruhnken
899 3044 955 3083 2⁶
982 3042 1189 3083 modicam
1214 3041 1329 3083 AP:
1366 3044 1624 3085 inmodicam
1647 3043 1787 3084 Halm

115 3105 169 3145 η
188 3094 362 3136 efferret
380 3094 546 3136 Alam

927 3172 976 3213 31
