2014 3392
808 229 1025 278 LIBER
1060 229 1116 278 11

127 381 178 421 te
222 371 444 436 principe
483 387 634 435 quam
681 370 776 420 sub
816 380 865 420 te
905 368 1162 419 triumuiro
1203 379 1428 430 mortem,
1454 371 1637 419 famam
1675 385 1795 420 uero

124 452 431 517 gloriamque
486 455 728 504 factorum
782 463 932 518 atque
983 452 1229 503 dictorum
1286 454 1416 503 adeo
1473 470 1576 502 non
1633 453 1797 502 abstu—

125 537 237 597 listi,
280 548 335 587 ut
372 538 577 588 auxeris.
660 537 786 588 uiuit
830 537 1067 601 uiuetque
1107 553 1196 600 per
1240 553 1443 586 omnem
1485 538 1794 585 saeculorum
1818 556 1840 595 5

125 619 431 680 memoriam,
457 622 681 685 dumque
715 622 814 670 hoc
848 621 929 670 uel
970 621 1095 669 forte
1132 620 1214 669 uel
1254 618 1569 683 prouidentia
1605 621 1685 668 uel
1723 628 1796 668 ut-

77 715 101 742 κ
125 718 341 765 cumque
378 702 702 752 constitutum
734 719 896 752 rerum
921 712 1124 751 naturae
1148 717 1342 765 corpuS,
1368 702 1507 765 quod
1530 699 1612 750 ille
1635 716 1796 764 paene

123 784 258 832 solus
306 785 648 834 Romanomm
695 783 865 834 animo
911 783 1051 843 uidit,
1099 782 1300 847 ingenio
1357 783 1646 846 complexus
1703 790 1792 842 est,

122 864 407 929 eloquentia
430 864 758 926 inluminauit,
786 864 1007 915 manebit
1031 864 1296 925 incolume,
1323 863 1558 914 comitem
1582 861 1694 913 aeui
1718 862 1794 912 sui

121 946 322 995 laudem
360 945 615 997 Ciceronis
653 948 811 997 trahet
857 946 1120 1011 omnisque
1166 945 1424 1010 posteritas
1471 944 1600 994 illius
1646 944 1697 993 in
1746 953 1794 993 te

121 1025 303 1090 scripta
326 1026 595 1088 mirabitur,
613 1036 754 1077 tuum
778 1027 830 1076 in
854 1044 970 1077 eum
995 1028 1181 1076 factum
1201 1026 1534 1077 exsecrabitur
1549 1025 1793 1091 citiusque

121 1124 151 1157 e
175 1110 367 1159 mundo
388 1125 546 1173 genus
569 1109 831 1159 hominum
857 1126 1008 1174 quam
1035 1125 1060 1153 ια
1090 1127 1115 1155 *
1143 1127 1168 1154 *
1195 1111 1353 1159 cedet.

190 1188 359 1239 Huius
382 1190 534 1240 totius
562 1190 798 1255 temporis
828 1192 1077 1240 fortunam
1109 1207 1173 1240 ne
1205 1191 1387 1240 deflere
1422 1189 1627 1254 quidem
1665 1188 1794 1254 quis·
1816 1199 1883 1259 67

119 1287 271 1334 quam
296 1271 413 1321 satis
437 1272 587 1337 digne
610 1272 785 1337 potuit,
806 1274 935 1323 adeo
954 1290 1104 1323 nemo
1129 1273 1400 1337 exprimere
1423 1272 1588 1322 uerbis
1612 1282 1789 1337 potest.

119 1353 172 1403 id
196 1363 364 1404 tamen
388 1357 666 1405 notandum
691 1365 779 1416 est,
806 1354 957 1405 fuisse
988 1355 1040 1404 in
1073 1354 1374 1419 proscriptos
1406 1371 1615 1404 uxorum
1639 1357 1792 1405 fidem
1819 1373 1838 1400 2

118 1451 382 1497 summam,
420 1436 709 1486 libertorum
747 1436 979 1497 mediam,
1014 1453 1269 1486 seruorum
1306 1436 1539 1501 aliquam,
1578 1436 1791 1486 filiorum

71 1536 97 1578 5
119 1517 339 1565 nullam:
373 1518 504 1567 adeo
534 1517 747 1567 difficilis
779 1527 854 1567 est
888 1517 1176 1568 hominibus
1211 1527 1485 1582 utcumque
1519 1527 1794 1581 conceptae

117 1597 223 1662 spei
265 1615 417 1648 mora.
490 1615 554 1648 ne
591 1598 714 1664 quid
751 1599 838 1648 ulli
879 1609 1107 1649 sanctum
1144 1599 1514 1664 relinqueretur,
1556 1601 1694 1649 uelut
1740 1599 1791 1649 in
1818 1617 1841 1656 3

116 1681 288 1730 dotem
335 1680 818 1746 inuitamentumque
877 1681 1073 1732 sceleris
1114 1681 1364 1732 Antonius
1420 1684 1475 1731 L.
1526 1683 1791 1734 Caesarem

114 1763 436 1823 auunculum,
477 1762 699 1827 Lepidus
740 1765 950 1812 Paulum
991 1765 1189 1813 fratrem
1235 1763 1652 1828 proscripserant3
1697 1781 1792 1814 nec

117 1845 305 1895 Planco
326 1844 481 1909 gratia
503 1844 661 1895 defuit
691 1847 758 1895 ad
789 1845 1172 1910 impetrandum,
1199 1856 1254 1896 ut
1277 1848 1423 1896 frater
1445 1846 1551 1896 eius
1577 1848 1791 1896 Plancus

116 1925 307 1975 Plotius
353 1926 749 1990 proscriberetur.
836 1945 998 1993 eoque
1057 1928 1185 1979 inter
1234 1929 1372 1979 iocos
1419 1929 1655 1990 militariS,
1704 1928 1790 1994 qui
1815 1945 1840 1983 4

115 2024 312 2057 currum
348 2008 526 2073 Lepidi
555 2010 828 2075 Plancique
852 2011 1010 2061 secuti
1047 2021 1201 2073 erant,
1238 2011 1366 2062 inter
1400 2011 1786 2062 exsecrationem

114 2089 299 2140 ciuium
326 2091 631 2155 usurpabant
655 2093 791 2141 hunc
814 2109 1043 2143 uersum:

184 2175 264 2223 De
285 2172 546 2237 germaniS,
571 2191 675 2224 non
699 2176 764 2224 de
788 2174 944 2225 Gallis
967 2177 1071 2226 duo
1095 2175 1401 2240 triumphant
1424 2178 1667 2226 consules.

180 2255 285 2304 Suo
330 2255 645 2319 praeteritum
692 2259 806 2308 loco
852 2259 1085 2308 referatur
1100 2277 1115 2320 ;
1179 2276 1343 2323 neque
1394 2258 1528 2309 enim
1575 2275 1788 2324 persona
1811 2264 1881 2314 68

73 2355 86 2365 ·
113 2335 341 2386 umbram
364 2347 505 2387 actae
528 2337 597 2388 rei
621 2338 766 2403 capit.
837 2341 959 2390 dum
978 2339 1028 2389 in
1047 2339 1154 2390 acie
1173 2340 1453 2391 Pharsalica
1478 2352 1505 2395 †
1522 2340 1788 2406 Africaque

113 2418 179 2468 de
216 2433 413 2468 summa
450 2435 611 2469 rerum
655 2421 840 2471 Caesar
870 2420 1088 2483 dimicat,
1118 2424 1189 2471 M.
1226 2422 1439 2484 CaeliuS,
1478 2422 1553 2472 uir
1587 2421 1788 2487 eloquio

111 2496 382 2563 animoque
419 2499 625 2551 Curioni
663 2501 956 2564 simillimuS,
982 2505 1071 2554 sed
1100 2502 1151 2553 in
1176 2514 1387 2569 utroque
1411 2503 1672 2569 perfectior
1694 2520 1789 2554 nec

172 2641 191 2670 x
223 2630 397 2670 tribuno
416 2630 504 2682 del„
528 2630 618 2672 dein
639 2631 919 2673 triumuiroA
943 2632 1032 2685 (εἰε)
1144 2647 1170 2686 5
1191 2641 1341 2675 nature
1355 2634 1399 2674 A
1543 2648 1571 2686 9
1591 2640 1709 2675 tuum
1722 2635 1790 2676 P:

113 2689 202 2724 tum
219 2684 265 2724 A
323 2698 467 2726 execr.
478 2685 571 2726 ΑΡ
621 2687 745 2727 citius
764 2700 892 2739 quem
905 2688 1009 2740 (que
1024 2689 1067 2729 in
1082 2688 1139 2742 P)
1155 2691 1314 2730 mundo
1329 2689 1441 2730 AP:
1470 2690 1679 2741 citiusque
1695 2703 1720 2730 e
1732 2703 1788 2732 m.

113 2737 303 2779 Lamne
317 2754 329 2780 ε
348 2740 556 2792 citiusque
570 2754 623 2782 m.
637 2741 760 2781 Κηϊα
857 2754 908 2783 ro
927 2756 1052 2795 quam
1068 2745 1192 2785 cedet
1202 2744 1303 2796 AP,
1314 2744 1456 2784 excudit
1463 2745 1687 2785 Ciceronis
1701 2758 1787 2785 me·

113 2793 250 2833 moria
266 2794 332 2833 uel
345 2794 466 2834 aliud
475 2795 578 2847 quid
586 2796 831 2836 huiusmodi
913 2809 930 2837 1
941 2810 957 2839 ι
979 2811 1034 2839 ne
1049 2800 1256 2839 nonnuua
1267 2799 1513 2851 exemplaria
1526 2798 1587 2839 P:
1608 2813 1687 2841 nec
1700 2798 1785 2839 BA

112 2852 151 2887 et
168 2848 267 2899 alsit,
288 2849 402 2889 mdo
412 2851 536 2902 prius
553 2851 763 2903 impressa,
786 2853 954 2904 exempl.
971 2852 1016 2892 P
1110 2866 1158 2905 13
1179 2855 1222 2894 in
1243 2867 1326 2894 om.
1344 2854 1388 2894 A
1494 2867 1541 2904 ¹4
1563 2855 1744 2895 mediam
1763 2870 1790 2903 Λ

111 2900 238 2943 ΚηΊι
258 2903 349 2954 (sic)
362 2904 424 2949 A.
438 2909 660 2957 tamquam
679 2906 840 2958 alae’qus'd
855 2908 1059 2948 omissum
1078 2913 1175 2949 esset
1275 2910 1326 2949 16
1345 2908 1461 2950 uelut
1476 2909 1689 2951 Geleniusz
1719 2909 1787 2950 uel

110 2967 223 3011 AP:
254 2976 302 3011 ut
320 2970 459 3011 Halm
551 2986 606 3013 ρο
625 2973 779 3014 interio
799 2968 915 3016 {TO-S
934 2975 1125 3017 militaris
1144 2976 1187 3015 A
1284 2989 1332 3017 21
1356 2990 1495 3019 execr.
1515 2976 1605 3017 ΑΡ
1669 2979 1789 3019 uerba

114 3023 230 3064 inter
244 3037 386 3067 execr.
403 3027 557 3067 ciuium
578 3029 720 3080 spuria
738 3028 856 3070 habet
868 3029 1017 3070 Nova'h
1098 3045 1150 3071 22
1171 3033 1208 3072 ci
1225 3032 1344 3072 nium
1365 3033 1479 3072 uium
1495 3032 1539 3072 A
1562 3033 1651 3082 (sici
1735 3047 1788 3085 23

114 3077 365 3143 minnan
373 3064 426 3122 1¹5
453 3082 497 3121 A
589 3094 642 3133 25
664 3090 822 3124 acriter
838 3084 989 3137 Haupt
1014 3086 1181 3138 spu-abu
1197 3086 1271 3127 sed
1282 3087 1332 3139 αἱ
1352 3088 1420 3139 98.
1444 3099 1461 3127 1
1486 3088 1584 3127 dum
1616 3088 1723 3130 baec
1745 3089 1787 3129 in

115 3131 336 3176 Pannonia
351 3134 665 3189 Germaniaque
685 3146 895 3190 geruntur
949 3153 1055 3181 num
1078 3140 1344 3193 Phariusque!
1428 3154 1479 3195 27
1499 3142 1723 3184 similimus
1742 3144 1784 3184 A

928 3206 982 3257 83
1523 3197 1581 3249 6*
