2014 3392
816 238 1035 288 LIBER
1071 239 1127 288 11

131 393 247 427 cum
283 377 470 442 primus
506 377 734 427 omnium
770 377 1045 428 amicorum
1082 377 1269 439 fuisset,
1308 378 1591 429 interfector
1626 379 1718 429 fuit
1753 389 1803 430 et

130 460 371 521 fortunae,
410 477 471 510 ex
515 477 618 525 qua
660 462 875 510 fructum
921 462 1113 521 tulerat,
1161 461 1402 511 inuidiam
1449 461 1501 510 in
1547 472 1801 512 auctorem

129 543 377 606 relegabat
414 543 750 608 censebatque
784 559 1018 607 aequum,
1044 559 1174 607 quae
1209 553 1468 607 acceperat
1504 561 1535 593 a
1572 545 1799 605 Caesare,

127 623 351 685 retinere,
399 626 680 686 Caesarem,
727 625 815 689 qui
860 625 944 674 illa
993 626 1212 687 dederat,
1260 625 1457 690 perisse.
1526 628 1651 676 haec
1686 637 1802 677 sunt

127 713 366 769 tempora,
406 705 588 769 quibus
627 707 699 755 M.
738 705 933 755 Tullius
969 705 1221 756 continuis
1258 706 1539 756 actionibus
1576 717 1800 757 aeternas
1825 730 1849 769 3

124 787 316 837 Antoni
353 789 623 840 memoriae
662 789 839 839 inussit
885 799 1042 850 notaS,
1086 791 1176 839 sed
1221 789 1304 839 hic
1344 790 1705 854 fulgentissimo
1751 801 1802 840 et

124 869 325 919 caelesti
365 887 464 931 ore,
489 881 541 921 at
580 871 807 922 tribunus
845 871 1126 923 Cannutius
1166 872 1346 922 canina
1382 873 1518 923 rabie
1552 874 1801 934 lacerabat

124 951 417 1002 Antonium.
490 954 687 1019 utrique
727 954 951 1005 uindicta
996 955 1234 1005 libertatis
1281 965 1441 1006 morte
1486 955 1652 1018 stetit3
1709 957 1799 1006 sed
1822 971 1849 1009 4

123 1031 308 1082 tribuni
365 1035 605 1099 sanguine
662 1035 929 1086 commissa
990 1036 1297 1101 proscriptiO,
1347 1036 1604 1088 Ciceronis
1661 1038 1799 1086 uelut

122 1114 300 1165 satiato
345 1117 571 1167 Antonio
615 1134 776 1182 paene
822 1117 973 1168 finita.
1048 1119 1268 1183 Lepidus
1314 1119 1500 1170 deinde
1545 1136 1576 1168 a
1621 1129 1798 1169 senatu

121 1195 279 1246 hostis
302 1196 549 1249 iudicatus
572 1209 661 1260 est,
686 1208 743 1249 ut
765 1209 882 1249 ante
904 1201 1062 1249 fuerat
1087 1200 1351 1250 Antonius.

186 1279 322 1327 Tum
359 1278 488 1329 inter
525 1297 642 1330 eum
683 1282 1051 1346 Caesaremque
1086 1291 1137 1331 et
1176 1281 1455 1332 Antonium
1496 1281 1797 1354 commercia
1821 1284 1891 1344 65

118 1358 439 1424 epistularum
464 1372 514 1411 et
537 1362 893 1413 condicionum
918 1364 1048 1413 facta
1071 1363 1274 1424 mentio,
1292 1381 1408 1413 cum
1427 1363 1678 1413 Antonius
1703 1364 1731 1414 ’1-
1748 1373 1798 1413 et

118 1441 335 1492 subinde
370 1444 634 1494 Caesarem
671 1446 978 1506 admoneret,
1005 1461 1156 1510 quam
1192 1445 1423 1495 inimicae
1450 1445 1545 1510 ipsi
1570 1445 1799 1510 Pompei-

117 1540 245 1574 anae
267 1535 430 1589 partes
454 1527 615 1576 forent
638 1536 688 1576 et
719 1526 771 1576 in
804 1529 943 1592 quod
973 1527 1074 1577 iam
1110 1527 1426 1578 emersissent
1460 1527 1710 1592 fastigium
1746 1538 1796 1578 et

116 1615 309 1670 quanto
345 1606 603 1657 Ciceronis
649 1607 818 1658 studio
859 1610 1042 1658 Brutus
1089 1608 1393 1673 Cassiusque
1439 1611 1792 1670 attollerentur,

116 1686 533 1752 denuntiaretque
555 1705 610 1739 se
633 1705 749 1739 cum
775 1692 932 1740 Bruto
964 1690 1256 1755 Cassioque,
1282 1687 1369 1755 qui
1401 1690 1499 1740 iarn
1532 1692 1710 1741 decem
1745 1701 1795 1741 et

115 1778 307 1833 septem
345 1769 598 1833 legionum
635 1780 865 1834 potentes
903 1781 1055 1832 erant,
1095 1771 1381 1822 iuncturum
1418 1772 1547 1822 uires
1583 1790 1710 1833 suaS,
1752 1772 1794 1822 si

115 1849 301 1900 Caesar
357 1850 465 1900 eius
514 1852 894 1916 adspernaretur
945 1853 1282 1915 concordiam,
1331 1853 1617 1918 diceretque
1679 1855 1792 1917 plus

115 1930 381 1981 Caesarem
404 1931 556 1996 patris
580 1949 731 1997 quam
761 1949 815 1983 se
850 1933 999 1983 amici
1036 1934 1215 1985 ultioni
1246 1935 1443 1985 debere.
1516 1944 1638 1984 tunc
1669 1933 1791 1984 inita
1816 1958 1837 1986 2

113 2013 367 2077 potentiae
404 2013 615 2064 societas
655 2025 705 2064 et
744 2015 1058 2066 hortantibus
1099 2016 1455 2081 orantibusque
1496 2016 1790 2067 exercitibus

171 2174 191 2202 1
207 2166 304 2213 pos!
321 2174 415 2202 cum
436 2161 612 2202 deletum
627 2167 687 2202 est
703 2163 749 2202 in
766 2162 812 2203 A
834 2162 986 2204 fuisset
1094 2164 1244 2215 primis
1261 2163 1329 2204 P:
1357 2163 1402 2203 in
1422 2163 1570 2215 primis
1590 2163 1794 2204 Heinsius

111 2228 139 2266 4
166 2217 266 2267 quia
283 2216 350 2257 illa
367 2215 460 2256 ΑΡ
548 2217 714 2268 perisse
743 2217 809 2256 uel
825 2218 969 2269 perire
980 2217 1239 2258 Rhenanus:
1258 2218 1390 2269 perist
1404 2218 1502 2269 (per
1515 2218 1758 2272 isthaec)A
1780 2234 1791 2259 ε

112 2271 230 2323 peris
250 2270 398 2322 (peris.
421 2271 644 2323 Haec)P:
684 2272 838 2323 perire.
900 2272 988 2313 Sed
1015 2273 1122 2314 haec
1149 2272 1289 2313 Halm
1399 2285 1425 2323 5
1454 2273 1602 2313 Tulius
1622 2273 1666 2312 A
1762 2275 1791 2313 6

110 2324 291 2366 Antonii
304 2325 396 2366 ΑΡ
471 2332 599 2366 notae
613 2327 767 2367 inussit
781 2333 906 2368 notas
919 2327 964 2367 A
983 2328 1072 2380 (sar)
1144 2335 1189 2369 et
1208 2327 1512 2369 scelestioreA
1623 2341 1645 2378 7
1665 2327 1726 2368 At
1743 2328 1787 2367 A

111 2380 263 2420 canina
283 2380 490 2421 Ruhnken
508 2394 519 2420 ι
548 2382 751 2421 continua
769 2381 815 2422 A
834 2395 845 2422 τ
879 2382 1082 2423 continua
1100 2382 1145 2423 P
1258 2395 1287 2434 9
1305 2383 1554 2434 prostriptio
1568 2383 1791 2423 Ciceronis

108 2434 171 2485 A,
201 2434 276 2475 ud
289 2437 320 2478 Β
337 2442 463 2488 super
484 2449 645 2487 proscr.
676 2451 703 2475 α
732 2443 858 2489 super
876 2436 1014 2477 Cicer.
1045 2437 1196 2477 addam
1304 2438 1423 2478 uelut
1448 2437 1688 2478 Puteanusz
1719 2438 1790 2478 uel

108 2488 211 2541 ΑΡ,
227 2490 344 2542 quod
342 2490 511 2541 frustra
521 2490 695 2542 defendit
711 2490 901 2532 Smner:
930 2498 977 2532 ut
988 2490 1126 2532 Halm
1256 2504 1306 2532 10
1335 2505 1448 2543 pene
1462 2492 1506 2531 A
1527 2507 1538 2533 :
1566 2505 1707 2543 poena
1725 2492 1787 2534 P:

110 2545 390 2595 poeneetu'am
404 2543 512 2585 Bene
685 2559 735 2587 12
762 2558 861 2597 quae
873 2552 953 2599 pro
966 2546 1108 2598 queA
1190 2546 1495 2587 commertiaA
1611 2559 1660 2597 13
1688 2560 1788 2587 con-

110 2597 317 2639 ditionum
356 2599 400 2639 A
574 2603 687 2652 ‘post
726 2601 1005 2652 epistularum
1043 2601 1229 2641 excidisse
1266 2601 1443 2642 arbitror
1478 2599 1605 2642 inita’
1642 2600 1791 2643 Nova‘k

110 2652 223 2694 iacta
240 2653 356 2695 AP:
399 2659 410 2677 ‘
426 2654 536 2694 nn'lrae'
563 2654 727 2695 muctar
748 2655 823 2708 leg.
850 2655 961 2696 sacta
994 2656 1178 2696 mentio'
1201 2655 1340 2696 Burer
1399 2656 1501 2698 Ant.
1525 2656 1707 2696 subinde
1738 2657 1787 2697 C.

108 2708 373 2758 admoneret,
410 2716 454 2749 et
484 2722 614 2760 quam
642 2708 824 2773 B'pont:
867 2717 911 2751 et
942 2723 969 2750 a
1001 2710 1182 2763 legitimo
1211 2711 1350 2751 ordine
1379 2710 1582 2761 dqflexum
1611 2711 1791 2763 putabat

107 2761 244 2808 Kn'ts.
260 2764 401 2815 qualia
419 2771 534 2816 saept
551 2764 827 2804 inuennuntur
839 2764 957 2817 apud
977 2764 1247 2816 Thucydidem
1372 2766 1423 2806 18
1451 2778 1514 2805 vu
1532 2764 1578 2806 A
1669 2766 1787 2807 iunc-

108 2821 248 2858 turam
266 2818 311 2858 A
442 2831 494 2869 19
522 2831 613 2870 asp.
635 2818 748 2860 AP:
778 2820 1051 2871 adiceretque
1068 2819 1197 2860 Hm!
1324 2833 1379 2861 20
1398 2821 1560 2860 ultione
1580 2820 1703 2861 amici
1721 2821 1782 2872 A,

106 2870 183 2912 ud
207 2874 239 2918 β
271 2879 397 2925 super
429 2873 502 2914 ult.
537 2888 563 2913 a
594 2880 720 2926 super
750 2874 872 2915 amici
911 2874 1074 2916 adderis.
1147 2874 1202 2915 In
1237 2874 1284 2915 A
1317 2875 1440 2928 pn‘us
1463 2875 1600 2926 sutis-se
1635 2875 1784 2916 ultioni

108 2939 192 2966 nm
220 2926 511 2975 adamam,
541 2941 806 2981 quamquam
837 2927 988 2969 Orellio
1014 2930 1072 2969 sic
1097 2931 1240 2970 uisum
1270 2934 1357 2970 est:
1399 2930 1527 2970 amici
1559 2930 1721 2970 ultione
1745 2929 1791 2970 P

108 2980 281 3023 debere.
363 2988 464 3023 tunc
506 2983 592 3033 (uel
626 2984 733 3037 tum)
773 2982 935 3024 Bum:
1002 2984 1275 3026 debere.tssc
1315 2998 1367 3024 su
1397 2997 1516 3024 mser.
1556 2985 1787 3026 deberetur

106 3035 183 3079 A:
221 3036 477 3077 debere⁸tur
505 3036 571 3078 P:
609 3037 767 3079 debere
806 3038 817 3078 i
853 3038 935 3078 itur
963 3038 1207 3090 Rhenanus,
1240 3038 1314 3079 sed
1380 3039 1541 3079 elicium
1572 3039 1702 3091 igitur
1738 3041 1781 3080 in

100 3090 300 3144 pmo'pn‘o
316 3092 520 3132 mmm·
534 3106 618 3133 non
630 3099 781 3145 ponm
839 3092 945 3134 ovib
962 3098 999 3134 ee
1016 3098 1112 3134 ante
1128 3106 1225 3133 eum
1243 3092 1441 3147 Kreyssig
1456 3093 1719 3135 ostenderunt
1773 3141 1782 3148 ι
