2014 3392
748 189 1006 236 VELLEI
1042 189 1443 238 PATERCVLI

215 343 236 380 3
264 345 364 391 quo
414 329 614 377 decreto
661 345 820 391 paene
870 327 1019 377 totius
1065 337 1300 377 terrarum
1350 327 1482 377 orbis
1527 328 1788 391 imperium
1841 330 1927 379 uni

262 409 369 458 uiro
405 411 715 459 deferebatur
731 428 745 470 3
792 411 880 458 sed
915 419 1082 458 tamen
1123 408 1257 458 idem
1295 411 1392 458 hoc
1427 419 1542 458 ante
1579 409 1836 459 biennium
1874 411 1926 459 in

211 506 235 540 4
266 492 335 538 M.
364 490 553 539 Antoni
578 500 804 554 praetura
835 492 1089 539 decretum
1123 499 1237 539 erat.
1311 492 1400 539 sed
1434 490 1682 539 interdum
1714 507 1927 553 persona

262 580 315 619 ut
349 563 576 635 exemplo
601 581 763 632 nocet,
790 571 858 620 ita
882 571 1123 620 inuidiam
1148 581 1294 634 auget
1318 581 1403 619 aut
1427 565 1558 620 leuat
1578 591 1587 620 :
1626 571 1677 619 in
1702 573 1925 622 Antonio

261 651 488 701 homines
530 669 691 715 aequo
738 652 906 701 animo
947 651 1079 715 passi
1121 661 1258 700 erant
1275 670 1289 712 ,·
1347 669 1454 700 raro
1502 652 1635 700 enim
1677 652 1926 702 inuidetur
1949 673 1972 713 5

260 750 430 784 eorum
486 733 772 793 honoribus,
824 750 1036 796 quorum
1085 732 1160 782 uis
1213 749 1316 781 non
1369 732 1596 782 timetur:
1655 743 1827 782 contra
1873 734 1924 782 in

259 813 317 862 iis
347 814 574 863 homines
608 814 989 863 extraordinaria
1022 813 1356 873 reformidant,
1384 814 1469 876 qui
1505 831 1564 863 ea
1598 831 1689 863 suo
1724 815 1924 864 arbitrio

257 905 341 944 aut
378 895 649 958 deposituri
683 905 768 943 aut
802 894 1037 943 retenturi
1072 894 1305 943 uidentur
1340 904 1388 943 et
1419 896 1627 943 modum
1663 895 1715 943 in
1750 897 1924 944 uolun-

257 988 355 1026 tate
387 978 586 1026 habent.
660 976 1015 1026 dissuadebant
1050 975 1327 1039 optimates,
1366 977 1455 1024 sed
1491 975 1696 1025 consilia
1730 976 1920 1039 impetu

257 1058 388 1107 uicta
412 1068 538 1107 sunt.
1947 1047 2014 1112 10⁵

170 1143 231 1188 32
325 1141 489 1204 Digna
524 1150 597 1189 est
632 1139 871 1189 memoria
907 1141 968 1202 Q.
998 1139 1163 1190 Catuli
1198 1156 1312 1188 cum
1348 1138 1611 1188 auctoritas
1647 1148 1752 1188 tum
1789 1156 1923 1188 uere·
2006 1139 2014 1151 ⁶

255 1222 449 1271 cundia.
523 1222 608 1285 qui
650 1239 764 1271 cum
806 1221 1099 1271 dissuadens
1146 1223 1306 1284 legem
1353 1220 1404 1269 in
1446 1220 1680 1269 contione
1721 1220 1923 1270 dixisset

254 1321 361 1353 esse
386 1304 590 1367 quidem
614 1305 918 1367 praeclarum
944 1303 1104 1352 uirum
1131 1304 1222 1353 Cn.
1252 1301 1562 1366 Pompeium,
1590 1303 1679 1351 sed
1710 1301 1919 1351 nimium
2007 1326 2014 1367 3

253 1386 351 1434 iam
376 1385 558 1434 liberae
577 1385 681 1434 fieri
704 1385 774 1434 rei
797 1385 1027 1448 publicae
1051 1401 1214 1448 neque
1239 1384 1408 1433 omnia
1430 1384 1481 1432 in
1506 1401 1608 1433 uno
1632 1385 1921 1447 reponenda

251 1467 642 1530 adiecissetque:
683 1467 750 1516 ‘si
775 1466 897 1530 quid
929 1466 1044 1515 huic
1073 1466 1320 1526 acciderit,
1348 1483 1498 1529 quem
1530 1465 1582 1514 in
1614 1465 1719 1514 eius
1751 1467 1917 1515 locum
1949 1453 2014 1537 1333

253 1550 609 1600 substituitis?'
651 1550 973 1600 succlamauit
1014 1550 1245 1599 uniuersa
1286 1549 1468 1609 contio,
1512 1559 1575 1608 te,
1618 1550 1679 1610 Q.
1726 1550 1916 1598 Catule.
1996 1538 2014 1611 ἦ

251 1643 357 1681 tum
382 1633 463 1682 ille
488 1632 648 1681 uictus
674 1649 921 1681 consensu
947 1632 1171 1681 omnium
1197 1644 1245 1681 et
1269 1641 1371 1680 tarn
1403 1631 1679 1680 honorifico
1709 1630 1920 1680 ciuitatis
2006 1688 2014 1706 s

206 1729 224 1754 2
250 1715 535 1764 testimonio
561 1732 587 1764 e
617 1714 850 1764 contione
876 1714 1112 1763 discessit.
1186 1714 1268 1762 hic
1300 1713 1516 1762 hominis
1549 1713 1916 1773 uerecundiam,
2002 1716 2011 1735 '

249 1795 421 1859 populi
461 1795 696 1845 iustitiam
739 1795 902 1844 mirari
941 1795 1075 1855 libet,
1116 1795 1276 1855 huius,
1318 1796 1455 1857 quod
1497 1811 1600 1843 non
1638 1796 1764 1842 ultra
1805 1810 1920 1843 con-

249 1877 421 1938 tendit,
448 1877 621 1940 plebis,
649 1879 787 1940 quod
812 1877 1183 1926 dissuadentem
1209 1887 1257 1926 et
1280 1875 1616 1925 aduersarium
1645 1875 1914 1925 uoluntatis
1945 1899 1963 1926 3
1993 1873 2014 1882 '¹

204 1972 226 2008 3
249 1976 366 2008 suae
401 1958 562 2007 uirum
599 1958 884 2008 testimonio
920 1960 1145 2007 fraudare
1182 1957 1353 2007 noluit.
1426 1974 1513 2020 per
1547 1957 1682 2006 idern
1718 1966 1916 2019 tempus

249 2042 397 2090 Cotta
413 2039 666 2089 iudicandi
682 2057 876 2100 munus,
899 2041 1036 2103 quod
1057 2041 1112 2090 C.
1134 2041 1387 2089 Gracchus
1404 2048 1627 2102 ereptum
1647 2037 1838 2087 senatui
1853 2039 1918 2087 ad

248 2121 452 2184 equites,
480 2122 615 2170 Sulla
643 2121 707 2169 ab
737 2120 831 2169 illis
863 2122 929 2170 ad
962 2130 1188 2170 senatum
1218 2121 1543 2179 transtulerat,
1570 2119 1840 2182 aequaliter
1863 2119 1915 2168 in

246 2212 510 2265 utrumque
558 2202 783 2251 ordinem
830 2201 1036 2265 partitus
1079 2211 1152 2251 est
1169 2220 1183 2262 3
1253 2202 1390 2251 Otho
1430 2200 1643 2249 Roscius
1683 2202 1790 2263 lege
1828 2217 1918 2249 sua

303 2346 319 2371 1
353 2346 462 2383 quos
501 2323 535 2371 C
573 2331 644 2372 A:
692 2345 777 2382 quo
817 2338 992 2371 senatus
1026 2332 1151 2371 COS.
1186 2330 1251 2371 P:
1299 2342 1383 2380 quo
1417 2331 1589 2370 decreto
1622 2330 1788 2381 scripsi:
1830 2343 1916 2380 quo

244 2389 350 2427 scito
363 2387 521 2439 Schegk
606 2400 720 2437 pene
737 2385 779 2423 A
869 2387 990 2426 ριν-δίε
1013 2392 1222 2425 terrarum
1244 2386 1358 2424 orbis
1377 2384 1420 2422 A
1589 2397 1614 2422 2
1643 2385 1914 2435 septennium

244 2443 407 2481 Krause
561 2454 586 2491 3
615 2441 775 2480 Antoni
795 2440 885 2479 ΑΡ
1000 2442 1059 2480 ita
1079 2441 1153 2480 del.
1174 2445 1267 2479 ante
1279 2440 1488 2478 interdum
1515 2438 1558 2476 A
1708 2453 1733 2488 4
1753 2439 1847 2478 leua
1867 2439 1910 2476 A

245 2510 267 2546 7
308 2494 542 2546 extraord.]
578 2496 754 2546 imperia
792 2495 888 2535 add.
927 2496 1166 2534 Mommsen
1208 2512 1210 2515 >
1302 2507 1349 2532 re
1384 2494 1612 2532 formidant
1649 2493 1692 2530 A
1886 2507 1913 2543 9

242 2552 459 2590 habebam
487 2552 648 2590 habent
672 2550 715 2588 A
751 2551 840 2599 (sim
1040 2564 1085 2589 11
1120 2550 1302 2599 Dignaq.
1339 2548 1382 2586 A
1583 2561 1631 2596 14
1660 2548 1766 2586 liber
1795 2553 1914 2586 aeret

244 2607 295 2658 B,
328 2607 501 2656 itemque
528 2605 586 2656 A,
619 2605 692 2644 sed
721 2609 767 2643 ut
803 2604 954 2642 litterae
982 2605 1158 2656 nigriore
1184 2600 1414 2642 atramento
1445 2605 1598 2663 postea·
1616 2602 1702 2642 sint
1733 2603 1912 2652 refictae:

242 2702 350 2740 liber
391 2715 492 2740 aere
525 2701 591 2741 P:
637 2701 798 2740 liberae
838 2700 930 2738 fieri
963 2700 1106 2750 scripsi
1323 2699 1374 2738 16
1402 2667 1664 2746 substituatis
1692 2697 1767 2738 A:
1815 2699 1912 2737 sub·
1987 2704 1997 2715 ¹

241 2756 417 2796 stituitis
457 2756 523 2796 P:
572 2756 675 2806 fort.
718 2755 994 2794 substitutum
1037 2755 1106 2793 itis
1246 2753 1378 2792 subcl.
1421 2751 1512 2790 ΑΡ
1653 2753 1796 2791 contio
1835 2752 1911 2791 A:
1982 2719 1999 2813 ἑ

241 2812 385 2849 concio
405 2810 448 2848 P
553 2816 638 2860 teq.
662 2809 704 2847 A
727 2825 737 2849 z
765 2816 808 2848 te
829 2809 880 2858 Q.
901 2808 944 2846 P
1109 2809 1159 2848 18
1188 2808 1387 2847 contione
1405 2806 1447 2844 A
1470 2820 1479 2845 :
1514 2820 1632 2846 conc.
1655 2805 1699 2845 P
1857 2819 1907 2845 21

240 2878 344 2904 uero
384 2865 676 2904 testimonium
705 2864 767 2916 A,
802 2863 908 2902 unde
947 2863 1120 2903 correxi:
1168 2875 1272 2901 uero
1307 2860 1549 2901 testimonio
1587 2860 1631 2898 P
1858 2873 1911 2910 23
1983 2871 1995 2922 1⁷}

239 2962 541 3001 transtulerant
566 2961 610 3000 P
713 2930 755 3001 Ξ
782 2954 904 3010 effi·
931 2959 974 2996 A
1009 2959 1096 3010 (sic)
1209 2958 1251 2996 in
1278 2957 1320 2995 A
1341 2971 1352 2996 ε
1380 2956 1492 2995 inter
1509 2955 1553 2993 P
1711 2969 1764 3006 24
1795 2956 1911 2996 Otho
1976 2940 1977 2943 Ἰ

241 3016 425 3055 Roscius
445 3015 660 3055 Puteanus
677 3029 686 3055 :
721 3021 766 3054 ut
788 3014 1027 3054 Horoscius
1045 3012 1135 3051 AP
1147 3028 1157 3053 ε
1189 3016 1200 3035 ⁴
1213 3013 1316 3052 alias
1337 3016 1376 3053 δι
1399 3010 1634 3050 Horoscius
1648 3011 1659 3026 ⁹
1680 3010 1818 3050 Burer

1047 3132 1099 3174 50
