2014 3392
714 201 972 248 VELLEI
1010 198 1412 248 PATERCVLI

229 341 468 406 festinans
492 340 543 389 in
570 340 780 400 Italiam,
808 357 872 389 ne
905 339 1272 403 conspiceretur
1303 356 1334 387 a
1361 337 1697 401 praedonibus
1730 337 1899 386 omnia

230 434 349 472 tunc
374 422 715 472 obtinentibus
741 422 893 470 maria
917 431 966 470 et
990 421 1166 470 merito
1190 420 1289 469 iam
1313 420 1502 469 infestis
1532 419 1639 479 sibi,
1668 428 1899 482 quattuor

231 507 528 566 scalmorum
554 521 735 553 nauem
760 521 860 552 una
884 520 999 552 cum
1024 503 1222 552 duobus
1246 501 1418 550 amicis
1444 503 1720 564 decemque
1745 500 1898 549 seruis

186 605 204 631 2
230 586 475 650 ingressus
508 585 857 634 effusissimum
882 583 1121 633 Adriatici
1153 583 1299 632 maris
1332 582 1519 632 traiecit
1549 581 1725 631 sinum.
1798 598 1900 644 quo

231 667 434 731 quidem
466 667 517 715 in
550 684 695 716 cursu
726 665 1020 729 conspectis,
1051 675 1106 714 ut
1137 665 1357 728 putabat,
1391 664 1656 727 piratarum
1689 662 1900 711 nauibus
1924 679 1946 719 5
2008 703 2014 726 3,

230 766 345 798 cum
371 749 582 798 exuisset
606 758 797 797 uestem
821 747 1183 810 adligassetque
1201 745 1470 809 pugionem
1494 746 1559 794 ad
1582 746 1741 793 femur
1763 746 1903 792 alter—
1996 736 2009 744 ‘¹

230 830 325 879 utri
350 847 402 879 se
426 832 652 879 fortunae
676 846 868 892 parans,
895 846 1013 878 mox
1035 827 1273 877 intellexit
1296 829 1580 876 frustratum
1605 843 1712 875 esse
1737 824 1900 874 uisum

231 929 376 960 suum
400 912 732 974 arborumque
757 928 817 960 ex
839 910 1113 974 longinquo
1139 909 1364 959 ordinem
1394 919 1738 958 antemnarum
1767 923 1902 970 prae-

180 1011 203 1048 3
230 992 396 1042 buisse
431 992 711 1056 imaginem.
784 992 972 1055 reliqua
1013 991 1117 1040 eius
1159 1001 1269 1039 acta
1308 990 1361 1039 in
1402 990 1537 1050 urbe,
1576 987 1902 1038 nobilissima-

231 1090 328 1136 que
376 1074 668 1122 Dolabellae
714 1073 965 1122 accusatio
1012 1082 1061 1122 et
1107 1072 1263 1121 maior
1303 1071 1515 1121 ciuitatis
1556 1071 1608 1120 in
1650 1088 1708 1120 ea
1744 1073 1898 1131 fauor,
1927 1085 1978 1114 10
2009 1067 2011 1093 ³

231 1172 380 1218 quam
419 1155 513 1204 reis
550 1155 785 1218 praestari
823 1157 962 1215 solet,
1001 1153 1448 1217 contentionesque
1485 1153 1656 1202 ciuiles
1692 1170 1808 1202 cum
1834 1154 1896 1215 Q.
2009 1140 2011 1147 Α

231 1237 411 1286 Catulo
435 1246 585 1300 atque
609 1236 716 1285 aliis
741 1235 1143 1285 eminentissimis
1167 1235 1284 1284 uiris
1317 1235 1677 1295 celeberrimae,
1705 1244 1754 1284 et
1785 1244 1901 1284 ante

230 1327 508 1380 praeturam
533 1318 693 1367 uictus
710 1319 762 1366 in
781 1317 982 1366 maximi
1000 1317 1317 1381 pontificatus
1336 1316 1575 1380 petitione
1595 1318 1657 1378 Q.
1678 1317 1899 1377 Catulus,

181 1422 207 1459 4
231 1399 456 1448 omnium
482 1399 794 1449 confessione
820 1409 1018 1449 senatus
1047 1399 1291 1463 princeps,
1319 1408 1368 1448 et
1399 1398 1622 1448 restituta
1652 1398 1704 1447 in
1736 1398 1903 1448 aedili-

231 1490 330 1530 tate
377 1483 672 1530 aduersante
719 1481 923 1545 quidem
982 1481 1241 1530 nobilitate
1288 1480 1598 1530 monimenta
1645 1482 1701 1531 C.
1755 1480 1897 1541 Mari,
1928 1495 2009 1537 15

231 1562 477 1626 simulque
508 1563 727 1612 reuocati
758 1565 824 1612 ad
854 1563 930 1612 ius
964 1563 1214 1627 dignitatis
1245 1562 1631 1626 proscriptorum
1667 1562 1821 1623 liberi,
1852 1572 1902 1612 et
2006 1545 2007 1558 ἵ

198 1669 204 1721 3
230 1654 456 1707 praetura
479 1655 840 1708 quaesturaque
872 1645 1083 1694 mirabili
1115 1645 1295 1694 uirtute
1326 1654 1475 1707 atque
1499 1644 1739 1693 industria
1767 1643 1903 1694 obita

194 1762 196 1797 J
230 1727 281 1775 in
320 1727 566 1790 Hispania
604 1728 739 1793 (cum
781 1737 910 1777 esset
946 1737 1177 1790 quaestor
1212 1727 1305 1775 sub
1330 1729 1510 1775 Vetere
1538 1725 1769 1786 Antistio,
1804 1743 1901 1775 auo

192 1829 195 1875 ς
231 1808 376 1858 huius
401 1809 593 1858 Veteris
630 1809 899 1858 consularis
935 1826 994 1858 ac
1028 1808 1290 1872 pontificis,
1322 1809 1534 1857 duorum
1568 1806 1900 1856 consularium
1991 1865 1994 1870 ι

196 1877 279 1940 xet
326 1893 639 1941 sacerdotum
686 1891 850 1955 patris,
900 1891 991 1940 uiri
1037 1890 1089 1939 in
1135 1899 1328 1939 tantum
1376 1888 1511 1948 boni,
1560 1888 1611 1937 in
1659 1897 1900 1951 quantum
1927 1875 2006 1933 2οΪ

231 1977 450 2024 humana
475 1975 761 2038 simplicitas
785 1974 1003 2038 intellegi
1026 1972 1226 2038 potest),
1245 1989 1346 2036 quo
1370 1971 1564 2021 notiora
1588 1980 1716 2031 sunt,
1738 1970 1901 2019 minus
1980 1970 1994 2043 Ιἒ

232 2067 377 2122 egent
402 2058 527 2107 stilo.
1988 2111 1989 2114 Ἰ

175 2161 208 2208 4
302 2142 421 2188 Hoc
466 2139 613 2202 igitur
666 2141 869 2188 consule
924 2138 1050 2187 inter
1096 2154 1211 2186 eum
1259 2146 1308 2185 et
1355 2137 1447 2186 Cn.
1499 2134 1795 2198 Pompeium
1854 2143 1903 2184 et
1983 2171 1999 2182 Δ.

139 2161 171 2334 Ἷ
234 2223 304 2270 M.
351 2223 585 2271 Crassum
632 2220 754 2269 inita
798 2220 1050 2283 potentiae
1098 2219 1321 2278 societas,
1365 2234 1492 2281 quae
1539 2216 1648 2265 urbi
1695 2216 1903 2279 orbique

163 2336 165 2343 2
231 2313 466 2352 terrarum
491 2320 585 2351 nec
609 2302 773 2351 minus
798 2302 996 2351 diuerso
1021 2318 1222 2364 quoque
1247 2310 1469 2363 tempore
1493 2298 1611 2362 ipsis
1644 2297 1902 2347 exitiabilis
1930 2307 2002 2368 21)

187 2410 205 2437 2
230 2384 333 2433 fuit.
406 2386 505 2434 hoc
540 2384 802 2433 consilium
839 2383 1081 2447 sequendi
1111 2381 1379 2445 Pompeius
1415 2397 1614 2430 causam
1647 2380 1900 2440 habuerat,

231 2476 284 2515 ut
320 2468 523 2516 tandem
559 2476 669 2515 acta
703 2466 754 2514 in
790 2465 1125 2514 transmarinis
1153 2463 1435 2528 prouinciis,
1462 2462 1657 2526 quibus,
1685 2471 1739 2510 ut
1769 2478 1905 2524 prae-

231 2547 458 2608 diximus,
498 2547 641 2596 multi
679 2548 1036 2607 obtrectabant,
1074 2563 1162 2610 per
1197 2547 1460 2596 Caesarem
1497 2545 1904 2593 confirmarentur
1978 2594 1980 2599 ,

286 2690 311 2714 2
340 2676 442 2729 iam]
477 2682 563 2716 tam
596 2675 687 2714 ΑΡ
861 2690 885 2726 4
916 2675 1214 2715 effusissimam
1247 2673 1290 2712 A
1527 2685 1550 2722 7
1579 2685 1630 2712 se
1661 2673 1900 2711 frustratum

232 2731 274 2769 A
301 2732 388 2780 (sic)
582 2745 610 2782 9
639 2730 945 2780 nobilissimaq.
971 2730 1136 2780 querA
1155 2730 1244 2781 (sic)
1441 2741 1491 2767 10
1521 2728 1770 2767 Dolobellae
1786 2726 1903 2766 AP:

234 2786 496 2826 nobilissima
525 2787 602 2827 Cn.
639 2785 887 2824 Dolabellae
916 2786 1061 2824 Haase
1242 2797 1294 2823 ea
1322 2782 1435 2823 ΑΡ·
1476 2795 1528 2821 eo
1556 2783 1782 2821 Heinsius:
1827 2794 1902 2820 reo
1977 2826 1983 2836 ι

234 2840 396 2879 Alsters
562 2853 607 2879 11
640 2846 859 2891 praestare
878 2840 920 2878 A
1050 2840 1105 2889 Q.
1124 2839 1190 2879 P:
1219 2853 1262 2889 q.
1281 2838 1324 2876 A
1507 2850 1556 2886 13
1585 2838 1629 2876 in
1649 2836 1742 2875 add.
1763 2836 1902 2875 Halm
1987 2847 1989 2854 ’

236 2894 288 2943 Ω.
310 2895 371 2936 P:
401 2907 428 2944 q
447 2901 645 2946 suprascr.
670 2895 724 2945 Ω.
745 2894 788 2932 Α
934 2907 982 2944 15
1011 2895 1202 2947 quidem]
1224 2895 1363 2933 eidem
1383 2891 1549 2942 Bentley
1687 2903 1734 2941 17
1756 2891 1870 2930 obita
1891 2912 1902 2923 ·

236 2949 277 2987 in
301 2949 585 3000 Hispania-A
619 2951 734 3003 (sic):
767 2949 908 2989 obitae
923 2949 1124 2988 Hei'nsms
1291 2961 1341 2998 19
1369 2952 1497 2996 atque
1517 2945 1561 2984 P
1720 2959 1774 2996 23
1802 2958 1902 2985 con-

233 3003 326 3042 sulo
347 3010 545 3054 suprascr.
571 3018 596 3044 e
615 3004 658 3042 A
827 3017 880 3054 25
909 3005 1095 3055 quoique
1114 3003 1354 3043 Acidalizus
1386 3001 1538 3052 cuique
1555 3000 1693 3040 Halm
1849 3012 1900 3050 27

234 3058 430 3109 praedixi
449 3058 491 3096 A
1222 3084 1224 3087 -

1006 3136 1056 3176 62
