2014 3392
2003 0 2014 192 l

2006 193 2014 220 Ὗ

706 215 964 263 VELLEI
1003 213 1404 263 PATERCVLI

223 352 408 417 quippe
432 352 681 402 Antonius
707 370 821 402 cum
846 368 944 400 X111
971 351 1248 415 legionibus
1273 369 1494 415 egressus
1520 351 1807 400 Armeniam
1831 369 1890 400 ac

223 435 406 485 deinde
447 434 670 484 Mediam
709 443 758 483 et
795 451 882 497 per
913 450 995 482 eas
1027 433 1252 496 regiones
1285 434 1492 481 Parthos
1516 442 1689 495 petens
1717 432 1890 481 habuit

179 535 198 561 2
223 533 583 579 regem-eorum
609 515 814 564 obuium
835 534 844 563 :
870 514 1129 578 primoque
1148 515 1271 563 duas
1290 513 1508 577 legiones
1528 530 1642 561 cum
1658 512 1891 561 omnibus

223 596 591 661 impedimentis
633 596 990 659 tormentisque
1031 605 1081 645 et
1118 595 1340 644 Statiano
1376 597 1536 658 legato
1572 594 1748 654 amisit,
1776 611 1892 643 mox

223 679 417 742 saepius
442 678 547 742 ipse
571 696 686 727 cum
711 695 907 727 summo
940 677 1089 726 totius
1122 677 1360 726 exercitus
1385 676 1667 726 discrimine
1691 693 1750 725 ea
1771 675 1893 725 adiit
1917 690 1938 728 5

223 760 453 824 pericula,
481 777 511 807 a
537 759 718 822 quibus
743 758 925 807 seruari
957 776 1010 807 se
1047 775 1194 821 posse
1227 760 1586 821 desperauerat,
1613 756 1891 819 amissaque

223 860 325 892 non
373 842 536 890 minus
584 850 757 904 quarta
802 850 938 903 parte
986 840 1197 888 militum
1244 839 1427 903 captiui
1482 838 1755 899 cuiusdam,
1804 841 1893 888 sed

224 924 455 983 Romani,
495 922 702 972 consilio
740 939 799 971 ac
839 923 938 971 fide
975 931 1194 971 seruatus
1229 928 1308 981 est,
1348 920 1434 984 qui
1469 922 1609 970 clade
1646 919 1894 970 Crassiani

223 1006 462 1056 exercitus
479 1015 785 1068 captus,cum
805 1006 1053 1053 fortunam
1069 1020 1171 1052 non
1186 1003 1409 1052 animum
1425 1012 1676 1062 mutasset,
1687 1001 1894 1051 accessit

223 1099 371 1138 nocte
403 1089 468 1136 ad
505 1086 768 1135 stationem
806 1088 1088 1134 Romanam
1124 1084 1476 1148 praedixitque,
1503 1102 1567 1133 ne
1592 1083 1892 1133 destinatum
1921 1105 1969 1133 10

222 1169 313 1219 iter
359 1177 595 1232 peterent,
637 1168 725 1216 sed
763 1166 961 1216 diuerso
1003 1165 1311 1228 siluestrique
1355 1163 1507 1232 [loco]
1551 1167 1888 1228 peruaderent.

177 1270 198 1309 3
222 1254 320 1301 hoc
347 1253 417 1299 M.
446 1249 668 1298 Antonio
697 1251 852 1306 †acto
876 1248 969 1297 illis
994 1248 1270 1312 legionibus
1295 1247 1439 1297 saluti
1463 1247 1581 1296 fuit:
1624 1249 1688 1296 de
1712 1246 1900 1310 quibus·

223 1343 390 1383 tamen
424 1342 630 1395 totoque
671 1330 885 1380 exercitu
922 1327 1056 1380 haud
1092 1330 1256 1379 minus
1298 1347 1409 1394 pars
1448 1339 1633 1393 quarta,
1671 1338 1726 1377 ut
1761 1345 1894 1392 prae-

223 1415 451 1474 diximus,
501 1413 728 1474 militum,
784 1415 1016 1462 calonum
1078 1412 1362 1475 seruitiique
1423 1411 1699 1462 desiderata
1753 1410 1894 1460 tertia
2011 1468 2014 1474 Ι

222 1506 297 1546 est
314 1515 327 1557 5
385 1495 854 1559 impedimentorum
902 1494 985 1543 uix
1041 1495 1142 1542 ulla
1199 1493 1448 1557 superfuit.
1544 1494 1674 1541 hanc
1726 1501 1892 1541 tamen
1923 1509 1966 1548 15
2011 1498 2014 1557 ξ

223 1577 472 1627 Antonius
497 1579 663 1640 fugam
689 1594 842 1636 suam,
865 1576 981 1640 quia
999 1575 1142 1625 uiuos
1168 1575 1361 1636 exierat,
1382 1574 1638 1624 uictoriam
1664 1574 1889 1624 uocabat.
2012 1566 2014 1578 ἲ

224 1660 309 1724 qui
345 1658 486 1709 tertia
522 1668 707 1707 aestate
748 1675 971 1707 reuersus
1000 1657 1050 1706 in
1089 1657 1377 1707 Armeniam
1415 1673 1579 1720 regem
1615 1656 1719 1706 eius
1756 1658 1894 1704 Arta-

223 1742 411 1790 uasden
438 1741 609 1788 fraude
633 1741 899 1802 deceptum
920 1738 1119 1798 catenis,
1141 1740 1243 1798 sed,
1265 1755 1329 1787 ne
1348 1737 1468 1801 quid
1487 1736 1664 1787 honori
1683 1739 1891 1796 deesset,

175 1852 200 1888 4
223 1821 382 1871 aureis
424 1820 592 1870 uinxit.
667 1830 918 1869 crescente
955 1819 1138 1869 deinde
1176 1829 1225 1869 et
1261 1818 1442 1868 amoris
1483 1818 1535 1867 in
1577 1820 1893 1881 Cleopatram

223 1901 458 1952 incendio
491 1911 539 1950 et
571 1900 818 1961 uitiorum,
850 1917 977 1963 quae
1016 1917 1210 1964 semper
1246 1899 1560 1949 facultatibus
1597 1896 1894 1961 licentiaque
1920 1915 1969 1944 20
2008 1901 2014 1945 f

224 1993 273 2032 et
330 1981 757 2032 adsentationibus
812 1983 1022 2041 aluntur,
1072 1980 1426 2045 magnitudine,
1477 1981 1662 2029 bellum
1710 1978 1893 2042 patriae
2010 1972 2014 1980 '

223 2063 400 2112 inferre
447 2062 714 2123 constituit,
755 2080 869 2111 cum
915 2072 1030 2112 ante
1078 2079 1267 2111 nouum
1315 2079 1368 2111 se
1410 2061 1644 2111 Liberum
1698 2064 1893 2110 Patrem

222 2144 457 2209 appellari
482 2144 714 2204 iussisset,
741 2161 856 2193 cum
881 2143 1136 2193 redimitus
1160 2143 1355 2193 hederis
1381 2153 1679 2206 crocotaque
1702 2145 1893 2192 uelatus

222 2244 370 2276 aurea
395 2236 443 2275 et
468 2228 688 2290 thyrsum
714 2236 887 2275 tenens
913 2225 1267 2289 cothurnisque
1287 2219 1567 2275 succinctus
1587 2243 1730 2275 curru
1755 2226 1892 2274 uelut

224 2309 373 2358 Liber
397 2311 541 2358 Pater
564 2318 736 2358 uectus
761 2318 890 2357 esset
913 2307 1252 2358 Alexandriae.
1918 2325 1936 2352 2
1943 2325 1964 2364 5
2009 2312 2014 2321 ⁷

135 2391 200 2450 83
293 2392 429 2438 Inter
469 2391 604 2446 hunc
640 2399 930 2452 apparatum
972 2389 1086 2438 belli
1130 2390 1356 2449 Plancus,
1396 2406 1499 2438 non
1540 2387 1724 2438 iudicio
1763 2397 1895 2438 recta

2007 393 2014 512 ÷

2007 519 2014 732 ἷ

283 2538 302 2564 1
334 2520 427 2565 iffi.
450 2524 541 2564 ΑΡ
685 2537 884 2574 egressus
903 2523 1016 2563 AP:
1050 2524 1268 2574 ingressus
1292 2523 1478 2563 Gelenius
1588 2532 1598 2538 “
1631 2536 1656 2574 5
1685 2524 1829 2575 sepius
1847 2523 1892 2563 A

225 2582 252 2619 6
281 2594 305 2619 a
326 2580 421 2620 add.
446 2579 667 2630 Kreyssig:
697 2593 721 2617 e
741 2579 893 2628 quibus
912 2579 1113 2617 Heinsius
1301 2579 1328 2616 8
1357 2584 1424 2617 est
1442 2577 1535 2618 add.
1562 2578 1692 2617 Orelli
1868 2593 1896 2629 9

226 2636 395 2674 fortuna
419 2634 481 2674 P:
513 2635 680 2674 fortuna
699 2633 783 2671 BA
929 2646 978 2672 10
1008 2634 1342 2683 predestinatum
1360 2632 1404 2671 A
1544 2646 1589 2672 11
1622 2632 1894 2683 siluestrique

225 2691 322 2729 loeo
342 2690 626 2740 peruaderent
644 2687 799 2727 loeeA
823 2688 910 2739 (sic)
929 2702 938 2727 ε
977 2689 1247 2738 siluestrique
1267 2688 1554 2737 peruaderent
1571 2687 1615 2726 P
1729 2700 1777 2726 12
1801 2694 1894 2727 acto

225 2744 340 2784 AP:
370 2750 466 2783 octo
486 2743 650 2783 Aldus:
682 2756 731 2782 ac
751 2747 814 2781 tot
835 2743 1012 2793 Lipsius,
1035 2743 1109 2781 sed
1124 2743 1198 2781 uix
1212 2743 1314 2781 satis
1324 2742 1455 2793 placet
1465 2742 1734 2792 pleonasmus
1751 2743 1815 2780 ille
1832 2749 1895 2782 tot

229 2799 311 2837 illis
464 2810 512 2846 13
543 2798 656 2836 haud
685 2798 757 2846 bis,
776 2797 910 2847 priore
938 2797 1059 2835 deleto
1084 2797 1128 2836 A
1301 2809 1351 2845 14
1380 2796 1629 2846 seruitiique
1657 2796 1753 2846 AP,
1786 2796 1901 2846 quod

229 2867 314 2892 non
340 2866 471 2891 ausus
488 2866 586 2890 sum
613 2865 707 2890 cum
726 2852 888 2890 Kritzio
908 2858 987 2902 per
1007 2865 1139 2890 unam
1167 2853 1188 2890 i
1208 2851 1384 2898 scribere,
1406 2863 1500 2889 cum
1529 2851 1783 2902 significetur
1804 2864 1895 2890 ser-

230 2921 394 2955 uorum,
418 2920 500 2946 non
521 2907 739 2946 seruitutis
836 2907 1078 2945 desiderata
1098 2906 1292 2944 ultimam
1312 2906 1487 2943 litteram
1507 2918 1532 2943 a
1552 2918 1606 2944 an
1627 2906 1894 2955 aehabuerit,

222 2968 298 3013 per
316 2962 487 2999 lituram
503 2975 586 3000 non
598 2961 722 3012 potui
737 2960 958 3008 discemere,
970 2962 1069 3010 fort.
1091 2961 1331 2999 desiderata
1352 2965 1418 2999 est
1437 2960 1561 2998 tertia
1692 2962 1742 2998 16
1770 2960 1895 2999 uiuos

230 3016 272 3054 A
294 3030 303 3055 ε
334 3017 458 3055 uiuus
481 3015 525 3054 P
649 3028 701 3065 23
730 3015 979 3065 appelariA
1108 3020 1280 3054 crocota
1317 3014 1552 3054 Ruhnken:
1599 3027 1758 3053 corona
1792 3014 1894 3062 ΑΡ,

229 3070 345 3121 quod
359 3069 526 3122 Sauppe
544 3070 767 3109 uindicauit
782 3083 831 3109 ex
853 3069 974 3109 Ouid.
993 3069 1118 3110 Pont.
1139 3070 1194 3110 iv.
1219 3082 1281 3119 14.
1304 3081 1356 3119 55
1473 3081 1527 3118 24
1555 3070 1829 3119 coturnisque
1847 3068 1891 3107 A

1038 3133 1092 3188 96
