2014 3392
670 194 928 241 VELLEI
966 194 1366 243 PATERCVLI

183 332 320 381 inicit
367 342 415 382 et
462 333 733 396 quamlibet
778 333 1092 382 festinantem
1139 332 1190 381 in
1237 350 1289 382 se
1335 332 1513 382 morari
1554 332 1697 396 cogit.
1770 331 1851 380 hic

184 413 492 463 nobilissima
528 414 768 464 Iuliorum
799 414 994 478 genitus
1032 414 1217 463 familia
1253 424 1315 475 et,
1350 416 1488 478 quod
1525 414 1651 463 inter
1687 412 1850 462 omnis

183 495 596 559 †antiquissimos
649 496 921 556 constabat,
970 496 1034 544 ab
1082 495 1301 544 Anchise
1346 512 1405 544 ac
1451 498 1646 543 Venere
1698 496 1850 543 dedu-

184 593 301 625 cens
329 593 499 640 genus,
525 579 684 626 forma
722 577 946 626 omnium
985 576 1170 625 ciuium
1203 576 1654 636 excellentissimus,
1681 575 1849 638 uigore

182 657 336 706 animi
381 658 660 719 acerrimus,
714 658 1052 707 munificentia
1106 658 1439 719 effusissimus,
1489 658 1657 707 animo
1704 674 1850 720 super
1872 674 1895 714 5

183 742 453 788 humanam
486 750 534 789 et
566 750 791 789 naturam
816 750 865 789 et
888 741 1039 789 fidem
1065 749 1281 800 euectus,
1308 740 1648 804 magnitudine
1673 738 1851 802 cogita-

182 821 389 882 tionum,
434 821 680 870 celeritate
726 821 958 882 bellandi,
1002 821 1238 884 patientia
1283 821 1612 884 periculorum
1662 822 1850 883 Magno

140 930 159 956 2
183 902 252 951 illi
287 905 584 963 Alexandro,
623 904 712 952 sed
750 903 916 952 sobrio
954 920 1117 966 neque
1154 902 1393 952 iracundo
1431 902 1720 962 simillimus,
1765 901 1851 965 qui

184 983 401 1046 denique
426 1000 620 1047 semper
651 993 700 1032 et
733 983 848 1032 cibo
880 993 928 1032 et
961 1000 1140 1032 somno
1172 983 1223 1031 in
1255 983 1423 1044 uitam,
1450 1001 1553 1032 non
1590 983 1641 1031 in
1679 985 1851 1045 uolup-

183 1074 335 1113 tatem
371 1074 600 1124 uteretur,
635 1081 750 1113 cum
787 1064 958 1113 fuisset
994 1065 1050 1114 C.
1086 1063 1247 1113 Mario
1283 1064 1521 1127 sanguine
1556 1063 1852 1113 coniunctis·
1878 1077 1929 1106 10
1973 1092 2004 1146 ,ἓ

183 1145 336 1195 simus
360 1155 510 1209 atque
539 1145 674 1195 idem
708 1146 900 1196 Cinnae
932 1162 1094 1209 gener,
1122 1145 1261 1194 cuius
1297 1145 1448 1194 filiam
1484 1155 1538 1194 ut
1573 1145 1851 1209 repudiaret

183 1228 320 1275 nullo
345 1236 480 1275 metu
505 1226 738 1290 compelli
760 1226 935 1290 potuit,
957 1243 1071 1275 cum
1093 1228 1163 1275 M.
1184 1226 1299 1276 Piso
1323 1226 1593 1276 consularis
1617 1226 1848 1287 Anniam,

126 1360 131 1367 Ι
184 1325 311 1371 quae
370 1307 563 1358 Cinnae
613 1325 735 1358 uxor
780 1310 950 1369 fuerat,
1000 1307 1051 1356 in
1098 1309 1262 1357 Sullae
1308 1307 1574 1358 dimisisset
1631 1308 1849 1371 gratiam,

183 1389 536 1453 habuissetque
567 1392 668 1439 fere
700 1405 833 1438 XVIII
867 1406 1026 1439 annos
1056 1406 1117 1439 eo
1142 1399 1378 1453 tempore,
1405 1407 1506 1453 quo
1531 1392 1666 1439 Sulla
1689 1407 1850 1439 rerum

182 1471 368 1534 potitus
404 1481 491 1532 est,
530 1471 684 1535 magis
722 1471 955 1521 ministris
993 1473 1158 1521 Sullae
1194 1471 1602 1536 adiutoribusque
1638 1472 1850 1535 partium
1877 1486 1924 1528 15

184 1569 334 1616 quam
372 1552 481 1616 ipso
528 1552 935 1616 conquirentibus
982 1569 1098 1601 eum
1144 1554 1209 1602 ad
1255 1570 1431 1602 necem
1478 1563 1667 1603 mutata
1713 1563 1851 1603 ueste

184 1634 575 1698 dissimilemque
612 1636 837 1684 fortunae
875 1651 993 1683 suae
1030 1633 1233 1683 indutus
1274 1634 1500 1684 habitum
1541 1644 1689 1685 nocte
1730 1635 1852 1685 urbe

94 1723 101 1764 '1
139 1735 161 1772 3
184 1718 378 1778 elapsus
418 1725 503 1764 est.
577 1715 711 1764 idem
743 1724 918 1778 postea
948 1716 1224 1764 admodum
1256 1714 1464 1776 iuuenis,
1492 1733 1607 1765 cum
1631 1733 1661 1765 a
1684 1716 1852 1779 piratis

184 1806 356 1859 captus
382 1806 524 1857 esset,
551 1796 620 1845 ita
644 1814 696 1846 se
727 1813 814 1860 per
847 1813 997 1846 omne
1029 1795 1257 1859 spatium,
1284 1813 1386 1860 quo
1423 1797 1487 1846 ab
1519 1796 1595 1846 his
1633 1806 1852 1846 retentus

184 1888 270 1939 est,
314 1880 448 1941 apud
487 1895 572 1927 eos
613 1877 776 1941 gessit,
819 1887 874 1927 ut
910 1877 1089 1941 pariter
1125 1877 1183 1926 iis
1230 1878 1399 1928 terrori
1445 1879 1852 1942 uenerationique
1878 1895 1928 1923 20

185 1969 327 2020 esset,
355 1977 518 2023 neque
542 1977 781 2023 umquam
806 1969 891 2008 aut
915 1959 997 2009 die
1021 1968 1106 2008 aut
1130 1969 1278 2010 nocte
1312 1960 1419 2025 (cur
1451 1960 1584 2009 enim
1609 1962 1747 2023 quod
1770 1962 1851 2009 uel

186 2041 454 2091 maximum
491 2051 578 2101 est,
606 2041 646 2089 si
682 2040 862 2089 narrari
897 2040 1061 2090 uerbis
1098 2040 1334 2103 speciosis
1370 2058 1472 2090 non
1508 2050 1685 2104 potest,
1713 2040 1853 2090 omit-

184 2133 313 2172 tatur
327 2121 369 2188 Ρ)
405 2132 490 2171 aut
515 2124 872 2171 excalcearetur
908 2131 993 2171 aut
1031 2121 1398 2185 discingeretur,
1426 2121 1477 2170 in
1515 2123 1613 2171 hoc
1647 2121 1848 2182 scilicet,

184 2222 248 2253 ne
284 2204 324 2253 si
360 2205 563 2267 quando
597 2202 785 2266 aliquid
823 2220 882 2251 ex
919 2202 1065 2251 solito
1102 2203 1323 2263 uariaret,
1362 2212 1619 2266 suspectus
1656 2203 1728 2263 iis,
1767 2203 1853 2267 qui

186 2285 340 2335 oculis
365 2286 715 2334 tantummodo
740 2301 854 2333 eum
879 2284 1241 2345 custodiebant,
1268 2286 1405 2333 foret.
1879 2305 1926 2345 25

1970 1342 1999 1611 :ww
1973 1203 1996 1337 sat-...221
1979 1190 1982 1194 >
1974 1140 1992 1181 ,τ“-
1973 1116 1983 1126 =

1971 1606 1997 1640 ν’.

1971 1631 1996 1737 ξι

1977 1757 1982 1771 1

244 2426 261 2452 1
294 2413 427 2452 iniicit
446 2412 537 2450 ΑΡ
605 2412 838 2462 quamlibet
857 2411 899 2450 A
921 2426 931 2451 ε
960 2412 1190 2462 quemlibet
1209 2412 1253 2451 P
1265 2427 1275 2453 t
1305 2415 1316 2434 ‘
1331 2412 1434 2452 alias
1453 2412 1704 2463 quamlibet'
1722 2414 1859 2453 Burer

186 2482 211 2518 3
240 2467 558 2517 antiquissimos
588 2466 702 2506 AP:
747 2468 861 2505 inter
899 2467 1036 2505 omnis
1075 2468 1298 2507 constabat
1326 2467 1621 2517 antiquissima
1658 2468 1854 2520 Lz'jbsz'us:

186 2522 449 2572 antiquitatis
478 2523 640 2573 peritos
663 2522 810 2562 Orelli:
842 2522 1104 2571 antiquitatis
1132 2523 1349 2561 studiosos
1379 2523 1444 2562 uel
1469 2523 1664 2562 curiosos
1689 2523 1852 2564 Halm:

187 2577 467 2628 peritissimos
487 2576 676 2616 Scriner:
706 2576 1014 2615 scientissimos
1033 2590 1107 2627 ego
1128 2577 1211 2626 (79.
1230 2576 1270 2629 1)
1290 2592 1300 2616 ε
1328 2590 1437 2626 quos
1453 2607 1462 2617 .
1485 2607 1493 2614 .
1511 2607 1520 2616 .
1538 2578 1853 2627 antiquissimos

187 2637 355 2671 constat
379 2631 596 2671 Gudeman
615 2645 625 2671 τ
646 2634 656 2653 ‘
671 2630 864 2670 Velleius
884 2631 1063 2680 intelligi
1083 2631 1254 2670 uidetur
1272 2632 1461 2670 uoluisse
1485 2632 1514 2654 “
1527 2637 1723 2671 auctores
1736 2632 1763 2648 '¹
1783 2633 1854 2671 uel

192 2688 218 2709 ‘⁶
235 2687 466 2736 scriptores
479 2684 504 2702 ”
520 2686 532 2702 '
551 2686 734 2725 Thomas
823 2696 848 2734 5
869 2685 1183 2725 munificentiae
1195 2686 1294 2735 ΑΡ,
1309 2699 1388 2725 em.
1406 2686 1590 2725 Gelenius
1684 2689 1710 2726 8
1739 2687 1852 2726 simi-

187 2742 311 2780 limus
344 2740 387 2778 A
581 2754 609 2791 9
638 2746 682 2779 et
715 2753 866 2779 somno
898 2746 943 2779 et
974 2740 1067 2779 cibo
1095 2740 1139 2779 P
1194 2740 1291 2780 Vide
1322 2740 1483 2780 Comm.
1519 2740 1613 2781 Cn't.
1805 2755 1854 2791 13

188 2796 331 2835 Sullae
364 2795 426 2843 A,
457 2808 541 2834 non
580 2795 723 2845 Syllae
891 2807 941 2845 19
969 2807 1018 2834 se
1051 2807 1131 2845 per
1160 2794 1228 2835 B:
1268 2808 1438 2846 semper
1467 2794 1558 2834 ΑΡ
1662 2794 1731 2834 his
1768 2795 1860 2834 ΑΡ

186 2864 241 2888 20
267 2851 334 2888 his
362 2849 453 2888 ΑΡ
571 2849 779 2899 horroriq.
811 2848 902 2896 del„
937 2848 1029 2887 dein
1060 2850 1213 2889 terrori
1241 2849 1284 2887 A
1452 2862 1500 2887 21
1533 2854 1605 2888 aut
1631 2855 1757 2889 nocte
1781 2856 1853 2889 aut

188 2905 257 2944 die
276 2904 321 2942 P
480 2918 534 2944 22
562 2904 762 2955 spetiosis
783 2904 929 2942 uerbis
957 2904 1017 2952 A,
1051 2904 1125 2944 sed
1150 2906 1180 2949 β
1202 2911 1329 2957 super
1352 2909 1475 2955 spet.,
1507 2918 1533 2942 α
1561 2910 1687 2955 super
1710 2905 1854 2944 uerbis

185 2959 350 3053 ἒᾰάιῖζὲς,
374 2972 458 3053 ᾳὲο
475 2959 575 2999 ordo
589 2958 854 2999 z‘nuertendus
871 2958 1171 3011 srgnficaretur
1293 2972 1346 3010 23
1375 2972 1430 2998 ex
1452 2971 1487 3000 c.
1507 2958 1550 2997 A
1692 2972 1743 3009 24
1772 2959 1855 3000 hiis

250 3029 260 3054 :
319 3027 355 3053 is

1002 3107 1056 3148 60
