2014 3392
719 184 978 234 VELLEI
1017 187 1417 238 PATERCVLI

234 335 554 383 occupauere,
583 321 970 372 Lacedaemonii
993 322 1044 371 in
1069 322 1190 372 Asia
1215 324 1539 387 Magnesiam.
1613 342 1707 375 nec
1739 328 1896 376 multo

231 412 344 464 post
370 402 726 453 Chalcidenses
761 403 869 464 orti,
896 412 950 453 ut
986 404 1331 467 praediximus,
1358 406 1536 455 Atticis
1564 406 1816 470 Hippocle
1849 418 1897 457 et

234 485 562 546 Megasthene
600 484 811 534 ducibus
843 486 1029 536 Cumas
1065 485 1116 534 in
1154 486 1298 535 Italia
1333 487 1677 537 condiderunt.
1750 489 1896 538 huius

232 565 399 615 classis
442 582 639 616 cursum
681 584 789 616 esse
831 566 1073 616 directum
1120 566 1202 616 alii
1249 568 1512 617 columbae
1557 569 1896 618 antecedentis

231 649 401 697 uolatu
442 649 618 709 ferunt,
658 648 739 698 alii
781 658 1026 698 nocturno
1067 648 1190 698 aeris
1233 666 1372 709 sono,
1414 649 1571 713 qualis
1611 650 1897 700 Cerealibus
1919 669 1941 707 5

188 750 205 775 2
231 727 378 778 sacris
398 727 513 779 cieri
538 730 675 779 solet.
748 747 859 793 pars
884 730 1062 779 horum
1087 729 1272 779 ciuium
1298 747 1478 794 magno
1501 740 1614 794 post
1638 730 1898 780 interuallo

232 811 498 874 Neapolim
554 810 792 861 condidit.
889 810 1145 875 utriusque
1191 811 1326 861 urbis
1382 811 1560 861 eximia
1606 829 1800 875 semper
1846 811 1898 860 in

233 894 491 943 Romanos
533 894 657 943 fides
699 894 815 943 facit
856 911 938 944 eas
981 894 1239 944 nobilitate
1278 904 1428 959 atque
1469 895 1769 945 amoenitate
1811 912 1899 945 sua

232 974 555 1038 dignissimas.
641 977 731 1024 sed
771 975 865 1024 illis
907 974 1188 1039 diligentior
1228 975 1348 1026 ritus
1389 976 1534 1040 patrii
1571 976 1751 1026 mansit
1793 993 1899 1026 cus-
2003 1021 2014 1041 ,Ι

231 1054 380 1115 todia,
409 1057 664 1106 Cumanos
691 1057 823 1106 Osca
854 1056 1065 1107 mutauit
1100 1057 1294 1107 uicinia.
1366 1057 1483 1108 uiris
1514 1068 1682 1108 autem
1706 1067 1898 1108 ueteres
1923 1078 1973 1106 10
2006 1055 2014 1101 ¹.

232 1152 399 1185 earum
454 1136 651 1185 urbium
706 1135 958 1200 hodieque
1013 1137 1304 1201 magnitudo
1359 1147 1574 1188 ostentat
1625 1139 1894 1188 moenium.
2008 1130 2014 1153 ³

183 1240 205 1280 3
232 1215 554 1279 subsequenti
589 1226 813 1280 tempore
851 1233 1031 1280 magna
1065 1216 1140 1267 uis
1178 1219 1398 1267 Graecae
1438 1217 1708 1268 iuuentutis
1745 1219 1899 1268 abun·
2003 1207 2014 1275 [i

231 1297 399 1346 dantia
439 1296 617 1348 uirium
653 1298 784 1348 sedis
820 1298 1099 1362 quaeritans
1135 1298 1187 1347 in
1222 1298 1394 1348 Asiam
1436 1317 1488 1349 se
1524 1299 1708 1349 effudit.
1782 1317 1898 1348 nam

231 1388 279 1427 et
313 1381 463 1428 Iones
500 1380 629 1429 duce
663 1382 788 1429 Ione
823 1379 1032 1443 profecti
1064 1380 1275 1430 Athenis
1312 1380 1672 1430 nobilissimam
1707 1390 1897 1444 partem

230 1459 442 1523 regionis
483 1459 756 1511 maritimae
798 1478 1120 1525 occupauere,
1165 1479 1293 1526 quae
1333 1462 1584 1526 hodieque
1625 1464 1899 1526 appellatur
1924 1474 1970 1514 15

233 1542 389 1602 Ionia,
417 1542 664 1605 urbesque
689 1542 988 1593 constituere
1014 1545 1284 1607 Ephesum,
1314 1544 1560 1605 Miletum,
1583 1545 1895 1607 Colophona,

231 1623 456 1683 Prienen,
530 1625 806 1685 Lebedum,
881 1627 1158 1689 Myuntem,
1220 1627 1494 1689 Erythram,
1557 1627 1895 1684 Clazomenas,

231 1705 526 1765 Phocaeam,
565 1706 844 1769 multasque
882 1705 933 1755 in
969 1709 1169 1770 Aegaeo
1207 1717 1358 1771 atque
1394 1706 1553 1757 Icario
1590 1724 1898 1770 occupauere

231 1784 430 1845 insulas,
463 1787 681 1846 Samum,
714 1786 913 1847 Chium,
946 1789 1190 1848 Andrum,
1225 1790 1438 1848 Tenum,
1478 1790 1672 1847 Parum,
1714 1789 1898 1836 Delum
2013 1843 2014 1847 Ἰ

183 1887 208 1923 4
230 1866 449 1930 aliasque
484 1865 728 1931 ignobilis.
801 1878 849 1918 et
885 1886 1002 1918 mox
1036 1868 1200 1919 Aeolii
1235 1871 1411 1919 eadem
1447 1868 1655 1933 profecti
1691 1868 1899 1918 Graecia
1924 1871 1996 1911 20'

231 1946 628 2012 longissimisque
667 1949 765 1999 acti
806 1950 1049 2000 erroribus
1085 1968 1188 2001 non
1224 1950 1388 2001 minus
1423 1951 1639 2001 inlustris
1675 1951 1899 2002 obtinue-

230 2039 343 2079 runt
375 2031 513 2080 locos
543 2032 797 2095 clarasque
829 2033 964 2082 urbis
997 2033 1342 2094 condiderunt,
1374 2036 1651 2098 Zmyrnam,
1688 2036 1896 2098 Cymen,

232 2110 491 2173 Larissam,
521 2113 785 2176 Myrinam,
815 2114 1193 2179 Mytilenenque
1222 2124 1272 2165 et
1301 2114 1422 2165 alias
1451 2115 1599 2176 urbis,
1627 2132 1755 2179 quae
1784 2126 1898 2166 sunt

230 2193 281 2242 in
308 2194 474 2244 Lesbo
497 2192 670 2244 insula.

178 2287 209 2332 5
300 2273 640 2324 Clarissimum
678 2274 862 2325 deinde
902 2275 1115 2326 Homeri
1151 2276 1326 2326 inluxit
1366 2276 1633 2340 ingenium,
1678 2276 1785 2326 sine
1822 2295 1899 2327 ex-
1923 2293 1993 2334 25,

231 2357 398 2419 emplo
413 2354 697 2417 maximum,
716 2356 801 2419 qui
817 2356 1158 2420 magnitudine
1176 2357 1338 2421 operis
1353 2366 1403 2407 et
1417 2358 1604 2420 fulgore
1623 2356 1898 2406 carminum

188 2458 206 2484 2
231 2437 365 2486 solus
402 2436 637 2500 appellari
678 2446 827 2500 poeta
863 2437 1072 2499 meruit3
1123 2437 1176 2486 in
1214 2454 1318 2501 quo
1356 2438 1454 2487 hoc
1495 2436 1765 2486 maximum
1807 2446 1895 2497 est,

231 2517 370 2578 quod
405 2532 569 2580 neque
604 2526 720 2566 ante
755 2517 909 2578 illum,
945 2535 1095 2582 quem
1128 2518 1235 2582 ipse
1270 2518 1552 2579 imitaretur,
1584 2535 1748 2583 neque
1785 2530 1898 2583 post
1980 2514 1988 2521 ⁴

290 2660 308 2684 1
339 2645 487 2685 Asiam
525 2660 574 2686 ac
614 2646 653 2685 N
656 2646 788 2687 esiam
820 2646 874 2696 P,
908 2647 1063 2688 emend.
1108 2648 1296 2687 Gelenius
1512 2661 1538 2699 3
1567 2647 1823 2699 Megestene
1860 2648 1903 2688 P

231 2711 256 2748 5
286 2701 397 2739 aeris
415 2701 458 2739 Β
475 2715 485 2740 :
513 2701 612 2740 aeris
630 2702 672 2740 P
815 2702 842 2739 6
869 2714 955 2740 non
974 2715 1129 2751 magno
1146 2702 1316 2742 Scriner
1505 2717 1533 2754 9
1562 2703 1643 2742 illis
1663 2703 1868 2741 Ruhnken
1886 2718 1895 2742 :

232 2755 325 2793 aliis
337 2754 380 2794 P
474 2768 524 2795 10
543 2757 659 2794 uires
678 2754 721 2794 P
804 2768 852 2795 12
871 2769 1051 2805 graecae
1065 2757 1107 2796 Β
1124 2771 1133 2796 :
1164 2757 1371 2796 Graeciae
1383 2757 1426 2796 P
1514 2771 1562 2808 13
1583 2758 1768 2796 uirorum
1783 2757 1896 2796 Bur-

233 2823 366 2848 mann
380 2814 418 2848 et
433 2808 682 2849 Warburton
790 2811 916 2850 sedes
927 2809 971 2848 P
1079 2824 1126 2860 17
1147 2811 1356 2862 Erythras
1368 2812 1490 2850 Kritz
1590 2825 1640 2862 19
1662 2812 1846 2851 Pharum
1858 2812 1900 2851 P

233 2877 286 2902 so
305 2864 514 2914 ignobiles
528 2865 572 2903 P
663 2864 787 2903 Aeoli
803 2865 1052 2904 Lachmann
1070 2865 1131 2906 ad
1141 2866 1263 2906 Lucr.
1280 2880 1319 2906 v.
1335 2867 1387 2915 85
1484 2879 1538 2905 ex
1555 2868 1706 2906 eadem
1719 2866 1899 2918 Maduzjg

233 2929 282 2956 21
304 2919 502 2958 inlustres
520 2917 563 2958 P
669 2931 721 2958 22
750 2920 878 2958 urbes
893 2916 936 2957 P
951 2924 988 2958 et
1004 2921 1061 2958 sic
1075 2921 1189 2973 infra
1297 2920 1526 2970 Zmyrnam
1546 2922 1682 2960 Halm
1699 2925 1746 2960 ut
1762 2921 1804 2961 ii.
1825 2921 1892 2970 69.
1982 2919 1983 2922 ’

236 2984 254 3009 1
278 2972 395 3011 habet
410 2973 452 3011 A
485 2973 725 3024 Zmyrnae:
756 2974 983 3023 Smyrnam
1001 2974 1044 3014 P
1177 2987 1230 3024 23
1259 2974 1596 3025 Mytilenemque
1614 2975 1657 3015 P
1779 2975 1894 3015 urbis

234 3026 307 3066 del.
331 3027 484 3067 Gruter
642 3029 695 3067 28
723 3028 817 3079 ipse
836 3028 998 3069 Halm:
1034 3027 1104 3068 ille
1123 3028 1174 3077 P,
1195 3029 1309 3081 quod
1324 3029 1398 3070 del.
1421 3029 1572 3070 Noua'k

1050 3120 1076 3159 4
