2014 3392
729 185 987 232 VELLEI
1025 184 1424 234 PATERCVLI

249 323 639 388 memoriamque
662 325 889 384 futuram,
907 332 1132 372 reuectus
1150 322 1201 372 in
1223 322 1417 372 Italiam
1441 324 1577 372 haud
1600 324 1739 386 plura
1763 339 1913 386 quam

249 420 363 453 xxx
386 415 685 455 armatorum
704 405 838 454 milia
855 406 1119 454 aduersum
1138 419 1200 453 cc
1218 404 1428 467 amplius
1454 404 1671 453 hostium
1691 403 1915 467 exposuit

202 507 227 546 4
251 487 514 536 Brundisii.
571 486 653 536 uix
671 486 945 550 quidquam
964 486 1015 534 in
1036 488 1199 535 Sullae
1224 486 1455 549 operibus
1481 485 1656 535 clarius
1676 485 1912 544 duxerim,

250 568 402 632 quam
449 571 586 633 quod
633 586 747 618 cum
794 586 881 632 per
927 568 1192 617 triennium
1248 568 1506 618 Cinnanae
1562 567 1915 630 Marianaeque
2012 623 2014 626 Α

250 660 411 713 partes
455 651 649 700 Italiam
688 650 986 710 obsiderent,
1031 667 1195 713 neque
1235 649 1500 699 inlaturum
1543 666 1595 698 se
1633 650 1819 698 bellum
1857 648 1915 698 iis
1941 671 1962 710 5
2011 662 2014 714 ξ

251 731 579 781 dissimulauit
603 748 696 780 nec
722 732 858 795 quod
877 740 978 780 erat
1002 730 1053 778 in
1073 730 1302 779 manibus
1321 730 1500 790 omisit,
1522 729 1918 793 existimauitque
2012 718 2014 722 ¹

250 822 365 861 ante
399 813 726 875 frangendum
762 812 894 860 bello
931 813 1127 860 hostem
1169 827 1318 874 quam
1356 811 1698 860 ulciscendum
1739 810 1916 870 ciuem,
2011 860 2014 875 A

251 895 548 956 repulsoque
578 902 778 942 externo
811 902 961 952 metu,
988 892 1075 941 ubi
1107 894 1245 955 quod
1281 891 1499 941 alienum
1538 901 1666 941 esset
1704 891 1916 950 uicisset,
2011 881 2014 976 ff

205 998 226 1037 5
252 981 280 1020 -Γ
296 983 546 1037 superaret
570 975 707 1036 quod
727 982 828 1022 erat
847 972 1191 1022 domesticum.
1252 982 1367 1022 ante
1385 975 1658 1022 aduentum
1679 975 1732 1021 L.
1756 974 1920 1021 Sullae
2011 977 2014 1007 ¹

254 1055 417 1106 Cinna
441 1054 685 1104 seditione
710 1064 816 1103 orta
838 1054 903 1103 ab
928 1053 1142 1103 exercitu
1165 1053 1489 1117 interemptus
1515 1063 1602 1113 est,
1629 1053 1704 1102 uir
1728 1052 1922 1116 dignior
1948 1067 1996 1095 10

253 1137 339 1201 qui
376 1136 576 1186 arbitrio
613 1136 858 1185 uictorum
900 1144 1170 1185 moreretur
1207 1152 1357 1199 quam
1398 1135 1652 1184 iracundia
1692 1134 1917 1184 militum.
2010 1151 2014 1183 ι

253 1220 317 1268 de
342 1235 443 1282 quo
467 1235 584 1267 uere
608 1217 707 1266 dici
731 1226 908 1280 potest,
934 1234 1109 1266 ausum
1134 1234 1227 1265 esse
1254 1234 1368 1266 eum
1394 1234 1522 1280 quae
1546 1233 1695 1265 nemo
1719 1217 1922 1265 auderet
2011 1202 2014 1332 Ῑ

254 1300 430 1359 bonus,
458 1298 720 1362 perfecisse
744 1315 872 1361 quae
895 1315 925 1346 a
949 1299 1085 1347 nullo
1110 1297 1204 1347 nisi
1222 1297 1488 1346 fortissimo
1511 1297 1680 1360 perfici
1703 1306 1921 1360 possent,

256 1391 305 1431 et
342 1381 493 1430 fuisse
534 1398 649 1430 eum
684 1380 736 1429 in
772 1381 1103 1429 consultando
1141 1379 1468 1440 temerarium,
1511 1379 1562 1428 in
1604 1380 1923 1442 exsequendo

258 1463 432 1512 uirum.
507 1463 673 1513 Carbo
698 1463 835 1511 nullo
860 1463 1066 1511 suffecto
1091 1463 1280 1525 collega
1303 1463 1437 1511 solus
1462 1470 1568 1510 toto
1591 1478 1725 1510 anno
1750 1462 1924 1510 consul
1952 1476 1998 1518 ¹5

257 1544 360 1593 fuit.

166 1642 232 1690 25
322 1628 526 1674 Putares
565 1626 751 1674 Sullam
790 1623 987 1673 uenisse
1025 1623 1076 1672 in
1117 1623 1311 1672 Italiam
1351 1640 1453 1673 non
1495 1623 1613 1673 belli
1653 1623 1920 1683 uindicem,

255 1709 344 1757 sed
368 1707 503 1770 pacis
527 1715 810 1755 auctorem:
847 1715 983 1754 tanta
1015 1723 1130 1755 cum
1163 1705 1328 1769 quiete
1360 1705 1627 1754 exercitum
1662 1722 1750 1768 per
1786 1706 1925 1755 Cala-

255 1788 413 1838 briam
460 1786 796 1850 Apuliamque
842 1803 957 1835 cum
999 1786 1230 1850 singulari
1267 1803 1384 1835 cura
1429 1788 1637 1850 frugum,
1680 1803 1922 1849 agrorum,

255 1870 532 1930 hominum,
581 1868 778 1918 urbium
819 1868 1046 1932 perduxit
1091 1869 1144 1917 in
1191 1868 1518 1932 Campaniam
1565 1867 1925 1931 temptauitque
1950 1879 2006 1912 ποῖ

255 1951 394 2001 iustis
430 1950 621 2014 legibus
659 1959 708 1999 et
748 1949 919 2012 aequis
957 1949 1337 1999 condicionibus
1372 1950 1558 1998 bellum
1595 1965 1895 2012 componere
1912 1967 1926 2010 ;
2006 1964 2014 2007 j

257 2035 347 2083 sed
381 2032 453 2092 iis,
482 2031 662 2095 quibus
699 2040 747 2080 et
779 2030 995 2094 pessima
1031 2040 1080 2080 et
1112 2030 1365 2080 inmodica
1397 2030 1641 2094 cupiditas
1675 2039 1790 2090 erat,
1823 2047 1925 2079 non

215 2141 235 2168 2
257 2123 449 2178 poterat
464 2130 559 2176 pax
573 2114 779 2175 placere.
833 2112 1085 2161 crescebat
1100 2111 1295 2161 interim
1314 2111 1365 2160 in
1385 2111 1491 2161 dies
1507 2113 1671 2160 Sullae
1687 2110 1925 2160 exercitus
2008 2107 2014 2169 Ξ

258 2194 625 2246 confluentibus
649 2195 715 2243 ad
747 2210 862 2242 eum
896 2193 1086 2257 optimo
1119 2210 1321 2258 quoque
1358 2202 1407 2243 et
1445 2193 1718 2242 sanissimo.
1792 2192 1922 2242 felici
2010 2170 2014 2202 ς

314 2355 339 2381 2
369 2338 512 2379 xxxA
534 2353 544 2378 z
568 2331 662 2378 3⁸55(
682 2337 724 2375 P
829 2350 878 2377 cc
897 2337 939 2375 A
961 2352 970 2377 τ
997 2337 1060 2378 ΞΕ.
1079 2336 1122 2375 Ρ
1241 2350 1267 2387 3
1297 2337 1527 2376 Brundusii
1547 2335 1637 2374 ΑΡ
1706 2337 1927 2386 quicquam
2005 2347 2013 2383 fi

260 2395 349 2435 ΑΡ
493 2407 515 2443 7
543 2394 699 2433 benum
738 2393 905 2432 hostem
924 2392 966 2430 A
991 2392 1098 2431 unde
1116 2391 1226 2431 bello
1246 2392 1389 2431 addidi
1519 2404 1547 2441 9
1574 2399 1795 2441 superaret
1814 2390 1929 2430 AP:
1999 2378 2014 2434 l

260 2451 303 2490 in
323 2449 595 2489 anacoluthon
615 2447 797 2487 incidisse
833 2446 877 2486 V.
891 2447 1070 2498 putabat
1096 2447 1231 2499 Kritz,
1253 2447 1391 2485 Halm
1411 2446 1683 2497 neglegentius
1703 2446 1929 2497 sm‘psisse:
2003 2446 2007 2455 ²

262 2506 369 2544 mihi
393 2509 614 2554 superaret
649 2502 917 2553 imperatiuus
950 2501 1113 2540 uidetur
1135 2514 1217 2540 esse
1251 2502 1407 2540 inlatus
1445 2514 1556 2539 more
1599 2500 1847 2551 Thucydideo
1884 2504 1930 2538 ut

261 2563 510 2599 structuram
542 2558 745 2596 uariaret:
783 2563 830 2595 ut
862 2561 1084 2606 superaret
1114 2555 1254 2595 Hand
1434 2568 1482 2593 12
1511 2567 1661 2594 ausum
1691 2554 1759 2596 P:
1798 2567 1929 2593 ausus

261 2618 443 2664 sequente
472 2613 493 2652 s
516 2625 620 2663 quae
641 2616 736 2662 post
763 2610 886 2650 deleta
914 2615 972 2649 est
997 2610 1039 2648 A
1062 2625 1072 2650 ε
1110 2624 1262 2650 ausum
1286 2622 1382 2649 esse
1412 2609 1541 2649 Orelli
1559 2613 1795 2660 poteratque
1823 2615 1927 2648 aussi
2002 2651 2003 2654 ,

263 2669 346 2708 esse
371 2669 414 2707 in
440 2667 487 2706 id
507 2667 613 2705 abire
645 2664 758 2717 quod
776 2669 886 2704 extat
912 2665 956 2704 in
984 2665 1026 2703 A
1061 2665 1218 2704 amissa
1240 2666 1375 2716 priore
1399 2677 1439 2713 e,
1462 2664 1679 2716 posteriore
1711 2668 1804 2702 ante
1832 2676 1928 2702 eum

263 2724 453 2774 absorpta
620 2734 668 2771 13
699 2720 950 2771 perfecisset
969 2720 1012 2758 A
1140 2719 1241 2772 nisi]
1271 2720 1307 2758 si
1326 2718 1369 2756 A
1494 2724 1641 2769 posset
1660 2717 1702 2755 A
1881 2730 1927 2767 14

265 2779 447 2817 eundem
471 2776 599 2816 Orelli
687 2773 913 2825 exeq.AP
1062 2786 1110 2823 15
1140 2775 1276 2813 uirum
1292 2772 1405 2812 AP:
1434 2773 1658 2823 prouidum
1681 2772 1929 2812 Cornelissen

265 2846 318 2871 20
347 2832 611 2880 tentauitque
630 2829 674 2867 P
834 2842 887 2867 22
915 2829 993 2868 sed
1021 2827 1072 2868 ³3⁷⁵
1098 2829 1149 2868 iis
1168 2828 1210 2867 A
1244 2828 1358 2881 (sic):
1399 2841 1504 2865 num
1527 2833 1544 2865 ῑ
1575 2827 1636 2867 is?
1747 2839 1818 2865 res
1837 2831 1931 2865 ante

265 2887 450 2937 pessima
481 2885 576 2924 add.
606 2883 842 2923 Ruhnkene
881 2896 982 2933 spes
1011 2883 1199 2934 Bernays
1383 2894 1435 2931 23
1464 2882 1683 2920 crescebat
1713 2880 1805 2930 del„
1837 2881 1926 2919 dein

264 2948 463 2992 suprascr.
489 2941 708 2978 crescebat
726 2938 768 2976 A
909 2951 962 2987 24
992 2944 1034 2978 et
1054 2937 1111 2985 A,
1136 2951 1218 2977 om.
1238 2936 1290 2987 P,
1310 2936 1383 2976 sed
1398 2937 1535 2975 Burer
1556 2939 1728 2975 testatur
1742 2935 1927 2974 habuisse

265 2996 570 3034 Murbacensem
591 3000 633 3033 et
654 2993 881 3033 sanissimo

1067 3110 1119 3150 42
