2014 3392
777 308 780 309 ⁷
823 249 1041 298 LIBER
1075 248 1131 297 11

141 401 244 442 erat
267 388 664 442 desiderantibus
687 397 913 453 paratum
936 387 1163 438 iunctum
1187 387 1490 448 uehiculum,
1510 387 1686 438 lectica
1710 387 1815 438 eius
1841 406 1860 434 2

141 472 406 537 publioeta,
432 470 573 521 cuius
597 487 738 520 usum
762 487 878 520 cum
901 469 985 519 alii
1008 478 1115 519 tum
1146 485 1240 532 ego
1272 467 1433 518 sensi:
1483 467 1582 517 iam
1618 467 1815 530 medici,

140 554 240 604 iam
263 563 527 619 apparatus
551 551 664 612 cibi,
690 551 789 601 iam
821 551 874 600 in
905 552 1005 601 hoc
1039 552 1203 601 solum
1237 549 1326 599 uni
1359 559 1610 614 portatum
1645 550 1820 600 instru-

142 648 367 688 mentum
406 636 589 687 balinei
629 635 813 685 nullius
854 652 958 685 non
999 634 1238 684 succurrit
1278 634 1582 684 ualetudini:
1636 636 1818 684 domus

18 718 22 747 ³
95 738 118 778 5
140 730 334 769 tantum
369 736 430 769 ac
466 717 730 769 domestici
770 719 989 777 deerant,
1027 726 1248 766 ceterum
1283 715 1421 776 nihil,
1447 718 1586 780 quod
1621 717 1687 766 ab
1724 716 1818 766 illis

138 812 226 852 aut
260 801 494 867 praestari
533 810 620 851 aut
659 798 928 850 desiderari
965 808 1147 863 posset.
1236 798 1450 849 adiciam
1486 798 1624 859 illud,
1662 801 1816 863 quod,
1839 819 1862 858 3

140 883 366 949 quisquis
412 883 508 933 illis
555 881 863 947 temporibus
922 881 1155 942 interfuit,
1203 890 1259 930 ut
1304 880 1414 942 alia,
1463 897 1593 945 quae
1639 880 1818 942 rettuli,

139 975 377 1031 agnoscet
400 964 625 1030 protinus
648 983 658 1013 :
694 965 830 1014 solus
854 980 1051 1027 semper
1074 979 1206 1027 equo
1230 972 1405 1012 uectus
1429 972 1518 1023 est,
1545 964 1680 1012 solus
1705 979 1821 1012 cum

140 1047 214 1108 iis,
240 1065 368 1112 quos
391 1046 700 1107 inuitauerat,
727 1045 914 1095 maiore
938 1054 1076 1110 parte
1107 1044 1407 1095 aestiuarum
1446 1044 1820 1109 expeditionum

66 1152 119 1182 ιο
141 1130 340 1180 cenauit
390 1132 604 1180 sedens:
675 1145 779 1178 non
826 1127 1150 1192 sequentibus
1197 1126 1526 1192 disciplinam,
1575 1136 1822 1191 quatenus

139 1213 369 1276 exemplo
427 1227 531 1260 non
587 1209 876 1269 nocebatur,
936 1207 1159 1273 ignouit;
1230 1207 1509 1259 admonitio
1572 1210 1820 1273 frequenS,

140 1299 171 1345 ’θ’
187 1293 344 1343 inerat
366 1303 418 1342 et
449 1290 719 1356 castigatio,
746 1289 970 1340 uindicta
993 1289 1251 1350 rarissima,
1277 1290 1557 1354 agebatque
1580 1289 1819 1351 medium,

140 1375 351 1440 plurima
397 1373 767 1434 dissimulantis,
814 1371 981 1436 aliqua
1021 1371 1304 1422 inhibentis,
1391 1371 1586 1436 hiemps
1635 1374 1822 1422 emolu·
1840 1391 1869 1429 4

143 1468 367 1509 mentum
405 1456 581 1522 patrati
617 1455 735 1506 belli
770 1455 993 1516 contulit,
1020 1457 1111 1505 sed
1134 1455 1417 1519 insequenti
1447 1465 1634 1505 aestate
1658 1455 1822 1506 omnis

18 1565 22 1568 ·
68 1554 120 1598 15
143 1539 404 1590 Pannonia
460 1537 678 1602 reliquiis
732 1536 883 1587 totius
933 1536 1050 1587 belli
1101 1536 1153 1586 in
1207 1536 1458 1586 Delmatia
1503 1536 1822 1587 manentibus

18 1609 22 1612 ⁴
142 1637 317 1686 pacem
342 1619 495 1685 petiit.
567 1621 784 1669 ferocem
809 1617 944 1667 illam
980 1627 1055 1668 tot
1089 1617 1282 1667 milium
1317 1617 1644 1679 iuuentutem,
1670 1620 1822 1683 paulo

138 1712 256 1752 ante
279 1702 570 1753 seruitutem
603 1700 842 1751 minatam
877 1688 1064 1761 Italiae,
1091 1702 1431 1751 conferentem
1466 1718 1604 1750 arma
1638 1700 1820 1765 quibus

140 1800 231 1833 usa
253 1794 357 1833 erat
379 1786 516 1848 apud
550 1785 739 1833 flumen
774 1781 980 1832 nomine
1017 1781 1288 1832 Bathinum
1323 1792 1821 1847 prosternentemque

141 1881 196 1915 se
220 1865 502 1915 uniuersam
526 1864 737 1930 genibus
761 1863 1083 1929 imperatoris,
1112 1867 1458 1930 Batonemque
1482 1875 1533 1916 et
1557 1865 1821 1915 Pinnetem

67 1966 121 1997 ιο
142 1947 502 1998 excelsissimos
539 1949 708 2007 duces,
735 1956 938 2011 captum
970 1949 1193 2008 alterum,
1219 1949 1429 1998 alterum
1460 1965 1491 1997 a
1514 1964 1568 1998 se
1592 1947 1819 1998 deditum

141 2028 281 2079 iustis
321 2029 662 2079 uoluminibus
702 2028 878 2079 ordine
919 2029 1241 2091 narrabimus,
1281 2040 1337 2080 ut
1372 2047 1529 2095 spero.
1591 2029 1819 2080 autumni
1842 2043 1865 2084 5

143 2130 168 2158 a
190 2130 216 2158 α
233 2111 393 2163 uictor
407 2112 459 2162 in
483 2111 692 2162 hiberna
710 2110 961 2162 reducitur
975 2111 1231 2173 exercituS,
1253 2111 1393 2162 cuius
1409 2111 1644 2162 omnibus
1664 2111 1820 2177 copiis

199 2254 217 2281 1
250 2241 414 2282 laetitia
431 2241 520 2291 deL,
544 2241 634 2281 dein
654 2247 859 2293 suprascr.
879 2241 1031 2281 lectica
1050 2241 1092 2280 A
1207 2254 1233 2281 2
1263 2254 1387 2282 usum
1403 2242 1498 2283 add.
1513 2241 1684 2294 Lipsius
1792 2255 1818 2294 3

141 2310 212 2337 um
226 2296 316 2347 ch,
332 2296 425 2336 dein
438 2303 643 2348 suprascr.
665 2297 739 2336 uni
761 2301 976 2347 portatum
994 2296 1038 2335 A
1059 2311 1070 2337 z
1098 2297 1373 2347 importatum
1394 2297 1459 2337 P:
1494 2310 1579 2336 una
1600 2310 1640 2348 p.
1665 2296 1816 2340 Orelli:

143 2354 155 2375 ‘
168 2352 242 2392 uni
259 2352 442 2403 praefero
454 2356 623 2404 propter
631 2351 864 2403 oppositum
880 2350 1041 2390 nullius
1055 2364 1141 2391 non
1156 2353 1167 2368 '
1192 2350 1243 2392 G.
1263 2353 1321 2392 A.
1337 2351 1452 2391 Koch
1563 2367 1589 2403 4
1619 2353 1760 2392 baline
1772 2353 1816 2391 A

139 2419 166 2457 5
193 2407 325 2458 quod,
341 2407 560 2459 postremis
583 2407 714 2446 tribus
733 2405 875 2445 It'tten‘s
891 2405 1080 2457 inductis,
1101 2406 1145 2446 A
1230 2408 1258 2445 6
1284 2407 1456 2446 aditiam
1469 2406 1511 2445 A
1533 2420 1543 2446 z
1563 2408 1760 2447 adiiciam
1779 2407 1824 2446 P

141 2474 164 2513 7
192 2474 279 2513 que
299 2461 427 2502 retuli
447 2461 490 2500 A
603 2463 631 2501 8
658 2474 772 2512 equo
787 2459 854 2500 P:
882 2473 936 2500 eo
950 2474 1038 2512 quo
1056 2461 1099 2501 A
1217 2474 1268 2501 10
1296 2475 1390 2502 cen.
1405 2461 1448 2500 A
1470 2475 1480 2500 z
1501 2474 1610 2503 coen.
1625 2462 1669 2501 P
1769 2474 1819 2502 12

140 2516 279 2557 inerat
301 2515 415 2556 AP:
443 2516 658 2555 interdum
672 2514 889 2555 una-doctus
902 2516 945 2555 in
956 2516 1130 2568 Ephem.
1149 2515 1327 2568 Gotting.
1349 2530 1388 2555 a.
1408 2529 1525 2567 1779,
1542 2517 1660 2567 idque
1665 2518 1822 2568 placuit

139 2571 324 2612 Kn'tno:
365 2571 531 2611 interea
558 2570 766 2611 Thomas:
807 2570 971 2610 incerta
1006 2571 1109 2622 (om.
1144 2575 1205 2621 et)
1232 2584 1305 2623 ego
1338 2586 1381 2611 m
1404 2572 1693 2611 Hermathena
1716 2585 1820 2611 anm

144 2628 248 2678 1897
262 2632 306 2678 p.
321 2638 373 2665 οι
454 2626 715 2665 amarissuna
734 2623 848 2665 AP:
877 2626 1091 2666 rarissima
1106 2624 1364 2667 Rhenanus:
1394 2626 1616 2665 undeturex
1628 2627 1819 2667 mnd1cta

133 2682 350 2734 gemimda
362 2694 387 2720 a
401 2679 653 2719 adhaessisse
665 2680 848 2743 sequenti
857 2680 1095 2721 rarissima.
1125 2680 1199 2720 hoc
1208 2694 1303 2719 cum
1317 2694 1401 2720 non
1415 2681 1517 2721 sans
1531 2682 1824 2733 intellegeretur

139 2735 243 2788 quid
255 2740 354 2776 nse!
358 2738 535 2785 ,sactum
546 2740 604 2774 est
615 2734 879 2775 amarissima
994 2747 1043 2786 13
1063 2735 1204 2786 aliqua
1216 2735 1259 2774 A
1389 2748 1437 2785 14
1460 2749 1546 2775 non
1563 2736 1659 2776 tulit
1670 2736 1824 2776 Friebel

142 2790 185 2830 in
204 2803 297 2842 seq.
319 2790 362 2829 A
536 2801 585 2840 ¹5
615 2789 792 2841 reliquis
818 2788 1028 2841 de1„dex·n
1057 2796 1261 2842 suprascr.
1289 2790 1482 2842 reliquiis
1512 2790 1554 2829 A
1768 2792 1820 2830 16

143 2845 252 2885 Fero
273 2857 425 2885 uocem
448 2843 524 2884 A:
553 2858 608 2884 an
644 2844 927 2885 ferociorem?
1097 2858 1145 2896 17
1174 2846 1331 2896 quibus
1350 2845 1412 2887 P:
1443 2845 1514 2896 qui
1545 2845 1620 2885 A:
1662 2844 1818 2896 quibus

139 2900 273 2941 abusa
303 2899 451 2939 Haase
612 2898 890 2950 19Pinetem
924 2898 1021 2948 ΑΡ,
1052 2899 1126 2939 sed
1153 2900 1201 2951 <fi
1240 2912 1330 2941 110.
1364 2914 1389 2950 4
1552 2913 1608 2940 ao
1634 2900 1818 2940 alterum

139 2955 264 2994 semet
280 2953 379 3003 ΑΡ,
399 2953 473 2993 sed
494 2952 728 2994 Rhenanus
747 2957 758 2976 ⁸
773 2953 953 2994 alterum
979 2953 1108 2994 deesse
1132 2953 1315 2994 ut'detur’
1398 2968 1424 2995 a
1444 2967 1492 2995 se
1512 2954 1622 2997 AP:
1651 2968 1677 2995 a
1695 2955 1817 2995 socio

140 3008 398 3104 goma:
422 3008 528 3059 sort.
550 3021 628 3060 per
645 3021 694 3049 se
850 3020 900 3048 21
932 3008 1056 3049 initio
1084 3010 1152 3049 uel
1174 3009 1260 3050 fine
1279 3010 1579 3063 suppleum'm:
1608 3015 1816 3051 autumno

944 3195 1021 3239 125
