2014 3392
825 215 1042 264 LIBER
1078 214 1133 263 11

142 355 339 422 legendi
361 372 526 420 neque
548 371 718 405 amore
740 353 810 404 rei
839 352 1070 418 publicae
1105 362 1192 402 aut
1216 351 1453 412 CaesariS,
1480 351 1665 416 quippe
1689 353 1814 402 haec

140 453 337 502 semper
358 436 696 501 impugnabat,
721 437 811 485 sed
835 434 1013 484 morbo
1035 432 1271 498 proditor,
1298 450 1414 482 curn
1443 433 1614 483 fuisset
1637 432 1813 482 humil-

141 518 288 569 limus
310 520 597 569 adsentator
618 516 815 582 reginae
838 525 888 566 et
914 515 1041 565 infra
1071 532 1241 565 seruos
1277 514 1444 575 clienS,
1472 531 1587 564 cum
1622 514 1813 564 Antoni

140 599 379 660 librariuS,
405 616 521 649 cum
553 597 1020 649 obscenissimarum
1048 613 1210 647 rerum
1235 605 1285 646 et
1306 605 1479 646 auctor
1502 605 1552 645 et
1575 595 1810 656 minister,

80 692 119 734 .5
140 698 256 732 cum
280 680 332 730 in
364 680 535 731 omnia
567 689 618 732 et
653 677 747 747 [in]
772 677 1007 729 omnibus
1042 676 1245 738 uenaliS,
1271 694 1388 727 cum
1424 678 1727 726 caeruleatus
1763 685 1813 726 et
1840 697 1858 724 ι

141 764 307 813 nudus
353 772 602 827 mputque
648 759 905 811 redimitus
950 758 1193 809 arundine
1239 767 1290 808 et
1339 759 1551 808 caudam
1598 759 1811 817 trahens,

139 842 350 907 genibus
384 842 581 892 innixus
617 843 864 892 Glaucum
900 841 1124 890 saltasset
1155 839 1207 889 in
1231 838 1481 900 conuiuio,
1507 837 1814 902 refrigeratus

138 924 206 974 ab
229 923 453 974 Antonio
476 925 545 975 ob
563 923 932 973 manifestarum
956 921 1237 986 rapinarum
1261 920 1446 971 indicia
1468 919 1726 984 transfugit
1748 922 1814 970 ad

142 1006 437 1057 Caesarem:
496 1014 547 1055 et
582 1004 717 1054 idem
758 1013 934 1068 postea
971 1001 1294 1053 clementiam
1341 1001 1542 1052 uictoris
1588 1018 1679 1066 pro
1725 1018 1815 1050 sua

94 1106 124 1137 ο
142 1086 324 1136 uirtute
346 1086 769 1151 interpretabatur,
796 1083 1028 1136 dictitans
1052 1083 1104 1134 id
1135 1084 1399 1148 probatum
1427 1101 1458 1132 a
1482 1084 1707 1143 Caesare,
1735 1082 1815 1132 cui

140 1167 223 1218 ille
246 1167 534 1233 ignouerat3
566 1169 703 1218 hunc
725 1176 892 1217 autem
925 1183 1042 1216 mox
1075 1167 1379 1215 auunculum
1404 1164 1566 1215 Titius
1597 1164 1815 1215 imitatus

139 1259 227 1300 est.
299 1251 435 1300 haud
471 1250 687 1300 absurde
724 1247 999 1312 Coponius,
1025 1246 1101 1297 uir
1131 1264 1161 1297 e
1193 1245 1446 1311 praetoriis
1480 1245 1812 1310 grauissimus,
1840 1263 1864 1302 3

139 1340 279 1396 pater
304 1349 328 1375 α
356 1330 444 1381 Sili
480 1347 635 1391 socer,
673 1347 788 1380 curn
824 1346 996 1379 recens
1029 1330 1279 1393 transfuga
1313 1330 1470 1377 multa
1504 1345 1564 1377 ac
1599 1329 1816 1379 nefanda

141 1414 356 1462 Plancus
386 1411 581 1463 absenti
618 1410 842 1461 Antonio
879 1410 931 1460 in
969 1420 1143 1460 senatu
1181 1409 1414 1470 obiceret,
1442 1411 1610 1470 multa,
1637 1408 1812 1473 inquit,

83 1514 121 1563 ,⁸
140 1495 449 1545 mehercules
472 1493 589 1544 fecit
611 1492 861 1543 Antonius
885 1491 1043 1557 pridie
1067 1509 1218 1556 quam
1242 1501 1296 1540 tu
1320 1490 1459 1540 illum
1483 1489 1797 1555 relinqueres.

208 1576 423 1627 Caesare
445 1575 629 1626 deinde
652 1585 702 1625 et
727 1575 945 1624 Messala
962 1572 1186 1625 Coruino
1204 1571 1491 1622 consulibus
1510 1572 1814 1622 debellatum
1839 1572 1906 1634 84

139 1658 276 1721 apud
308 1656 525 1717 Actium,
559 1655 646 1707 ubi
678 1658 826 1720 longe
855 1665 972 1705 ante
1003 1671 1155 1719 quam
1179 1653 1509 1714 dimicaretur,
1536 1652 1816 1717 exploratis-

140 1737 267 1789 sima
291 1738 594 1788 Iulianarum
618 1737 830 1803 partium
854 1736 946 1787 fuit
969 1735 1188 1786 uictoria.
1261 1735 1462 1799 uigebat
1485 1734 1536 1783 in
1560 1736 1655 1784 hac
1678 1744 1816 1800 parte

138 1819 283 1890 miles
327 1830 478 1884 atque
524 1819 803 1884 imperator,
851 1820 904 1869 in
951 1818 1034 1868 illa
1085 1817 1373 1867 marcebant
1430 1815 1627 1866 omnia:
1698 1816 1816 1867 hinc

141 1900 350 1966 remiges
381 1900 661 1962 firmissimi,
688 1900 823 1951 illinc
854 1899 1023 1964 inopia
1058 1897 1409 1949 adfectissimi:
1450 1897 1655 1947 nauium
1691 1899 1816 1948 haec

142 1982 434 2047 magnitudo
468 1982 669 2034 modioe.
702 1999 797 2033 nec
837 1979 1072 2032 celeritati
1111 1981 1334 2041 aduersa,
1377 1978 1461 2029 illa
1501 1978 1667 2043 specie
1704 1988 1754 2029 et
1789 1996 1814 2024 ια

142 2064 430 2115 terribilior:
482 2065 600 2115 hinc
638 2066 704 2115 ad
746 2063 1023 2114 Antonium
1062 2078 1227 2123 nemo,
1271 2060 1407 2111 illinc
1446 2062 1512 2111 ad
1551 2062 1816 2112 Caesarem

142 2145 326 2197 cotidie
362 2146 541 2211 aliquis
582 2145 965 2210 transfugiebat3
1015 2142 1234 2207 denique
1268 2141 1320 2192 in
1355 2159 1441 2193 ore
1475 2151 1624 2206 atque
1660 2141 1817 2192 oculis

198 2290 225 2317 2
253 2278 523 2328 impugnarat
536 2276 762 2316 Burmann
884 2287 911 2326 3
938 2272 1207 2314 AntoniAP
1286 2286 1311 2322 4
1332 2272 1760 2312 obscoenissimarum
1779 2271 1823 2311 P

144 2343 172 2383 5
198 2333 241 2372 in
263 2332 413 2372 delebat
432 2332 600 2384 Lipsius
755 2330 994 2371 eemleatus
1011 2328 1104 2368 ΑΡ
1226 2328 1253 2367 8
1282 2328 1430 2367 inditia
1447 2327 1491 2367 A
1636 2340 1682 2366 11
1715 2340 1817 2366 mox

143 2394 285 2428 autem
320 2389 412 2437 (aut
442 2386 507 2431 A)
545 2387 659 2426 hunc
691 2398 790 2425 mox
818 2398 856 2426 a.
886 2383 1001 2424 BA:
1038 2383 1154 2423 hunc
1182 2395 1282 2422 mox
1310 2396 1349 2423 a.
1380 2381 1432 2430 P,
1460 2382 1623 2421 uidetur
1643 2394 1742 2421 mox
1765 2382 1823 2421 sic

143 2446 362 2482 emnium
370 2441 507 2492 sutkse
523 2442 567 2480 in
588 2440 725 2481 Murb.
749 2445 795 2480 ut
812 2439 1083 2492 ambigeretur
1101 2438 1174 2477 ubi
1188 2436 1468 2477 collocandum
1486 2441 1584 2476 esset
1683 2450 1818 2476 auun-

144 2496 286 2538 culum
327 2496 442 2537 AP:
502 2496 746 2536 uanilocum
786 2494 1063 2535 Cornelissen:
1104 2493 1210 2544 sort.
1246 2505 1295 2532 ac
1334 2498 1475 2532 tamen
1510 2492 1624 2531 hunc
1658 2504 1758 2531 mox
1778 2505 1817 2533 a.

147 2551 204 2593 H.
219 2550 356 2591 Titius
391 2551 559 2603 Lepsia
727 2563 776 2590 ω
805 2549 852 2591 C.
875 2548 1094 2601 Coponius
1122 2547 1320 2599 Krmssig
1482 2547 1549 2586 uir
1578 2546 1613 2585 E
1646 2546 1725 2597 (.1·:.
1755 2545 1814 2598 Β)

146 2606 388 2658 praetorius
410 2604 522 2646 AB:
549 2606 615 2645 uir
630 2605 871 2657 praetorius
885 2603 929 2644 Ρ
940 2617 951 2643 :
980 2603 1047 2643 uir
1066 2615 1091 2643 e
1107 2601 1332 2653 praetoriis
1345 2600 1503 2653 Schegk
1616 2613 1665 2651 13
1694 2607 1820 2652 pater

148 2689 162 2702 .
181 2690 193 2702 .
215 2691 227 2702 .
249 2660 316 2701 sili
335 2661 502 2712 scripsi:
537 2660 749 2701 Patersilii
770 2659 813 2699 A
834 2672 845 2700 ε
878 2664 1013 2711 pater,
1037 2657 1131 2698 Silii
1150 2656 1216 2697 P:
1256 2656 1301 2696 P.
1326 2657 1419 2697 Silii
1443 2655 1631 2696 Gelenius
1770 2668 1818 2707 14

946 2744 1056 2751 -—
1653 2720 1694 2743 ur

148 2756 339 2798 obiceret
356 2755 401 2796 A
421 2771 431 2797 :
461 2756 667 2797 obiiceret
686 2754 730 2795 P
871 2756 922 2795 16
948 2754 1062 2795 COS
1080 2753 1125 2793 A
1146 2768 1156 2794 ε
1198 2753 1345 2795 COSS
1365 2752 1410 2792 P
1567 2753 1618 2792 18
1647 2751 1820 2804 uigebat

146 2811 191 2852 A
216 2811 306 2862 (αἱ)
478 2824 527 2861 ¹9
557 2811 672 2852 illam
700 2810 903 2851 arcebant
921 2808 1037 2849 BA:
1075 2808 1186 2849 illam
1207 2808 1273 2849 P:
1313 2809 1354 2848 in
1386 2807 1456 2847 illa
1483 2820 1536 2848 m.
1563 2806 1823 2848 Vas-cosanus

148 2879 205 2907 ω
232 2866 419 2918 remiges
442 2866 629 2917 Lipsm:
661 2878 786 2916 reges
804 2863 896 2905 ΑΡ
1033 2876 1081 2904 21
1115 2864 1279 2904 modica
1302 2875 1382 2903 nec
1401 2862 1626 2902 Haustus:
1655 2862 1821 2902 modica

149 2934 205 2962 ne
223 2921 268 2961 A
289 2935 301 2961 ι
343 2921 567 2961 medicine
592 2920 660 2961 B:
704 2920 925 2960 modiciae
948 2917 992 2959 Ρ
1097 2918 1303 2959 celeritati
1333 2917 1555 2958 Heinsius:
1600 2917 1819 2957 celeritate

148 2974 283 3016 AB?
362 2976 508 3027 specie
521 2982 564 3015 et
579 2974 692 3016 AP:
713 2975 908 3014 lamnam
921 2973 1048 3026 parnei
1127 2985 1180 3013 22
1200 2973 1283 3012 huc
1296 2971 1384 3021 del„
1400 2971 1491 3011 dein
1507 2972 1606 3012 hinc
1625 2970 1669 3011 A
1766 2982 1819 3022 23

148 3030 307 3082 nuqui-
319 3030 478 3082 aliquid
491 3030 534 3070 A
555 3030 659 3082 (sic),
674 3028 749 3070 sed
762 3028 878 3069 deleti
893 3028 1080 3069 uocabuli
1091 3028 1241 3068 umnm
1257 3027 1391 3067 littera
1406 3027 1481 3066 uix
1491 3025 1633 3079 diepa-l
1635 3030 1820 3079 poterat:

152 3085 310 3137 aliquid
331 3083 400 3126 B:
427 3085 556 3136 aliqui
575 3084 619 3125 Ρ
724 3082 1063 3135 “aufugiebant
1081 3082 1127 3123 Ρ
1247 3082 1387 3134 adque
1406 3082 1450 3122 A

929 3159 983 3201 97
1588 3142 1616 3187 ⁷
