2014 3392
717 223 975 271 VELLEI
1013 222 1414 272 PATERCVLI

240 359 365 419 dius,
395 359 579 409 Herius
604 360 820 421 Asinius,
849 360 1063 410 Insteius
1089 363 1231 422 Cato,
1259 363 1315 412 C.
1340 362 1614 423 Pontidius,
1642 363 1903 413 Telesinus

194 463 212 490 2
239 440 460 501 Pontius,
512 441 699 491 Marius
748 442 1000 505 Egnatius,
1051 442 1232 505 Papius
1286 443 1506 492 Mutilus.
1601 461 1765 507 neque
1812 461 1904 508 ego

239 522 539 572 uerecundia
588 523 849 572 domestici
907 523 1157 587 sanguinis
1215 523 1396 587 gloriae
1444 523 1732 587 quidquam,
1782 527 1903 574 dum

240 619 411 652 uerum
459 605 629 664 refero,
670 605 985 653 subtraham:
1044 604 1229 668 quippe
1276 607 1487 653 multum
1528 605 1708 654 Minati
1751 605 1902 669 Magi,

237 683 369 733 ataui
416 684 527 744 mei,
577 685 947 745 Aeeulanensis,
997 685 1315 734 tribuendum
1368 695 1441 734 est
1488 685 1769 746 memoriae,
1818 686 1905 750 qui
1928 697 1951 736 5
2011 694 2014 736 ἶ

238 781 394 828 nepos
444 765 569 814 Deci
613 766 763 829 Magi,
803 767 1174 829 Campanorum
1216 766 1464 829 principis,
1503 767 1809 815 celeberrimi
1855 777 1904 816 et
1999 817 2014 837 .;

238 845 510 895 fidelissimi
542 846 647 907 uiri,
675 857 862 895 tantam
895 848 992 896 hoc
1024 848 1157 896 bello
1191 847 1433 896 Romanis
1465 849 1617 896 fidem
1649 847 1902 911 praestitit,
1997 871 2014 924 i

238 936 291 975 ut
323 944 438 975 cum
471 927 678 993 legione,
711 945 861 991 quam
894 928 999 991 ipse
1031 928 1082 976 in
1118 928 1343 991 Hirpinis
1376 928 1745 992 conscripserat,
1780 932 1906 978 Her-
1999 925 2014 991 Ι

237 1009 500 1056 culaneum
548 1008 694 1057 simul
741 1026 855 1057 cum
902 1011 960 1058 T.
1014 1009 1167 1058 Didio
1214 1018 1423 1072 caperet,
1474 1009 1740 1073 Pompeios
1787 1028 1903 1060 cum

189 1106 211 1143 3
239 1091 292 1137 L.
344 1091 479 1138 Sulla
537 1100 844 1153 oppugnaret
896 1091 1228 1154 †Cosamque
1287 1100 1580 1154 occuparet:
1639 1091 1779 1141 cuius
1838 1094 1903 1142 de
1933 1105 1981 1133 ¹0

238 1169 500 1219 uirtutibus
533 1188 647 1219 cum
680 1171 776 1231 alii,
798 1181 904 1220 tum
937 1171 1149 1220 maxime
1174 1171 1491 1234 dilucideque
1517 1173 1578 1234 Q.
1604 1172 1904 1222 Hortensius

237 1250 287 1298 in
312 1251 574 1300 annalibus
599 1251 699 1300 suis
723 1251 919 1301 rettulit.
994 1251 1134 1301 cuius
1160 1251 1230 1300 illi
1260 1252 1431 1315 pietati
1459 1254 1658 1316 plenam
1691 1257 1905 1317 populus

239 1333 498 1381 Romanus
539 1332 743 1396 gratiam
779 1332 963 1382 rettulit
997 1333 1161 1401 ipsum
1197 1333 1379 1382 uiritim
1415 1333 1615 1383 ciuitate
1650 1336 1903 1396 donando,

237 1413 364 1461 duos
400 1413 527 1462 filios
563 1413 671 1479 eius
710 1417 925 1481 creando
963 1425 1227 1478 praetores,
1269 1432 1383 1464 curn
1425 1415 1531 1464 seni
1571 1418 1736 1466 adhuc
1777 1434 1907 1467 crea·
1986 1409 2000 1434 ⁵

187 1514 213 1552 4
236 1503 414 1543 rentur.
458 1504 589 1563 utam
630 1495 766 1544 uaria
804 1506 954 1560 atque
991 1506 1138 1545 atrox
1160 1524 1164 1529 ·
1183 1499 1380 1546 fortuna
1427 1497 1587 1546 Italici
1633 1498 1750 1547 belli
1796 1499 1901 1559 fuit,
1932 1490 2000 1554 15*

237 1585 290 1624 ut
325 1592 413 1638 per
449 1576 705 1626 biennium
742 1578 981 1639 continuo
1019 1580 1121 1628 duo
1143 1579 1379 1639 ,Romani
1414 1581 1657 1640 consules,
1687 1580 1903 1630 Rutilius

235 1673 295 1706 ac
320 1657 503 1725 deinde
529 1659 656 1709 Cato
682 1658 899 1719 Porcius,
926 1660 990 1708 ab
1023 1659 1249 1708 hostibus
1282 1659 1637 1721 occiderentur,
1665 1661 1905 1711 exercitus

236 1738 409 1801 populi
440 1739 657 1788 Romani
693 1740 859 1789 multis
895 1740 947 1789 in
982 1741 1114 1801 locis
1139 1742 1474 1801 funderentur,
1502 1751 1655 1805 utque
1690 1743 1755 1791 ad
1791 1759 1907 1806 saga

237 1820 386 1869 iretur
424 1821 610 1884 diuque
651 1820 702 1869 in
745 1838 805 1870 eo
836 1821 1020 1871 habitu
1056 1831 1347 1871 maneretur.
1437 1832 1586 1885 caput
1621 1822 1796 1886 imperi
1831 1823 1907 1872 sui
2013 1887 2014 1890 Ἴ

178 1927 180 1929 >
239 1902 514 1953 Corfinium
562 1905 779 1966 legerant
826 1905 964 1967 quod
1005 1905 1309 1967 appellarent
1346 1903 1582 1952 Italicam.
1668 1904 1906 1967 paulatim
1934 1923 1953 1950 2
2008 1962 2014 1975 ,ἵ

199 1975 205 2049 ζ
237 1983 420 2033 deinde
456 1983 742 2047 recipiendo
770 1983 822 2032 in
851 1984 1117 2044 ciuitatem,
1145 1984 1230 2048 qui
1261 2001 1398 2033 arma
1424 1994 1508 2033 aut
1540 2001 1643 2034 non
1675 1995 1908 2048 ceperant

193 2051 205 2067 Ἴ
236 2075 321 2116 aut
370 2067 702 2129 deposuerant
749 2066 1000 2126 maturius,
1050 2066 1178 2115 uires
1225 2067 1436 2115 refectae
1487 2076 1614 2127 sunt,
1665 2066 1907 2130 Pompeio

237 2149 473 2213 Sullaque
508 2156 557 2196 et
592 2146 753 2195 Mario
786 2149 1023 2196 fluentem
1055 2147 1567 2211 procumbentemque
1599 2164 1702 2196 rem
1734 2147 1908 2211 populi

239 2228 458 2280 Romani
482 2228 864 2278 restituentibus.
2007 2287 2009 2293 A

160 2320 214 2371 17
306 2310 472 2360 Finito
497 2327 557 2359 ex
580 2308 795 2358 maxima
817 2319 968 2373 parte,
996 2309 1090 2358 nisi
1115 2326 1243 2373 quae
1277 2308 1461 2358 Nolani
1489 2308 1606 2358 belli
1638 2310 1907 2363 manebant
1936 2322 1986 2373 25
2006 2303 2014 2385 ’ᾗ

294 2453 311 2479 1
344 2440 456 2479 inste
487 2440 650 2478 iuscato
674 2438 745 2479 A:
786 2438 836 2481 T.
855 2438 1026 2478 Vettius
1056 2438 1164 2477 Cato
1191 2437 1363 2476 Vrsinus
1526 2451 1552 2477 2
1581 2438 1767 2478 mutilius
1795 2438 1909 2478 AP:

236 2494 410 2534 Mutilus
436 2494 739 2546 Raphelengius
907 2506 932 2542 3
961 2493 1181 2532 domestici
1203 2493 1422 2541 sanguinis
1442 2492 1606 2543 gloriae
1626 2492 1716 2530 ΑΡ
1793 2494 1905 2542 quic-

233 2563 358 2601 quam
377 2549 468 2587 ΑΡ
599 2561 625 2597 4
653 2561 803 2587 uerum
821 2546 887 2586 P:
915 2561 1020 2587 uero
1039 2547 1082 2585 A
1101 2562 1110 2587 :
1140 2560 1242 2586 uera
1265 2548 1393 2587 Orelli
1487 2547 1649 2586 Minatii
1679 2548 1806 2598 Magii
1826 2547 1917 2586 AP

235 2617 260 2654 5
291 2604 454 2644 atauini
468 2603 527 2655 A,
550 2610 752 2654 suprascr.
774 2603 889 2642 ataui
910 2602 992 2641 mei
1103 2602 1410 2641 Asculanensis
1429 2601 1528 2654 ΑΡ,
1550 2616 1629 2642 em.
1655 2602 1855 2642 cellarius
1872 2607 1911 2641 et

239 2659 394 2698 Cluuer
553 2658 581 2695 6
610 2658 732 2696 Decii
773 2657 900 2707 Magii
938 2656 1029 2695 ΑΡ
1177 2670 1227 2695 10
1255 2657 1495 2706 Cosamque
1523 2656 1637 2696 AP:
1677 2658 1907 2706 Compsam

243 2713 345 2752 Voss
529 2724 573 2749 11
605 2713 790 2751 dilucide
823 2712 876 2761 Q.
906 2711 972 2750 P:
1016 2711 1238 2761 dilucideq.
1274 2724 1358 2760 que
1390 2711 1463 2750 A:
1504 2712 1688 2751 maxime
1726 2711 1908 2751 dilucide

238 2768 407 2819 Lipsius
521 2779 569 2806 12
599 2767 742 2806 retulit
761 2766 851 2804 ΑΡ
955 2766 1013 2805 illi
1042 2766 1085 2803 A
1106 2780 1116 2805 :
1156 2765 1225 2804 ille
1254 2765 1320 2804 P:
1337 2765 1438 2814 fort.
1469 2766 1626 2815 insigni
1735 2766 1908 2815 pietatis
1988 2793 1997 2811 a

240 2823 363 2861 Kritz
541 2834 589 2870 13
618 2827 713 2860 rett.
738 2820 805 2860 P:
844 2826 919 2860 ret.
947 2821 989 2858 A
1012 2834 1022 2860 :
1052 2820 1236 2859 reddidit
1268 2819 1535 2859 Perizonius:
1570 2821 1758 2859 uocabula·
1776 2821 1906 2872 gemi-
1983 2817 1996 2830 ”

239 2877 446 2915 nationem
466 2876 594 2914 tuitus
611 2880 669 2914 est
692 2875 892 2927 Wopkens
918 2876 1022 2914 Tull.
1045 2876 1148 2915 Lect.
1176 2878 1196 2923 ξ
1223 2875 1299 2924 189
1399 2875 1614 2913 ciuitatem
1646 2875 1688 2913 A
1858 2876 1908 2913 16
1984 2894 1994 2909 ι

237 2931 484 2969 continuum
502 2930 688 2969 Gelenius
790 2942 839 2981 19
859 2930 1023 2980 imperii
1039 2929 1129 2967 ΑΡ
1234 2942 1289 2968 20
1306 2929 1498 2979 legerant
1510 2930 1623 2979 quod
1639 2929 1907 2982 appellarent
1990 2943 1993 2949 ·

237 2985 305 3024 B:
327 2985 558 3034 legerantq.
579 2985 870 3034 apellarentA
892 3000 902 3025 z
931 2985 1170 3034 legerantq3
1187 2986 1288 3035 (om.
1303 2983 1588 3033 appellarent)
1605 2983 1648 3021 P
1719 2984 1906 3023 Italicam
1978 2989 1993 3007 ⁴⁴

237 3039 279 3076 A
302 3053 312 3078 ε
353 3038 621 3078 ItalicaniP:
662 3039 852 3078 Italicum
870 3040 933 3078 B:
958 3039 1061 3089 fort.
1078 3052 1204 3088 quam
1225 3038 1491 3089 appellarent
1508 3038 1720 3078 Italicam:
1761 3038 1906 3088 appel-

238 3093 378 3135 larunt
391 3094 529 3133 Burer
662 3106 714 3144 23
742 3094 893 3134 maerifi
911 3094 1044 3133 mario
1059 3093 1103 3131 A
1123 3094 1214 3145 (sic)
1298 3106 1387 3132 rem
1406 3092 1452 3134 P.
1471 3093 1526 3134 R.
1543 3092 1626 3132 BA
1648 3106 1658 3132 ε
1687 3106 1819 3144 remp.
1841 3091 1885 3131 P

1055 3169 1108 3210 34
