2014 3392
700 199 960 247 VELLEI
998 199 1399 249 PATERCVLI

217 340 400 388 habere
424 354 574 401 quam
599 336 875 387 Antonium
899 336 1188 401 principem,
1215 346 1407 386 tantum
1436 337 1678 388 retulisset
1702 340 1884 389 habere

170 440 193 479 3
218 423 425 470 Brutum
473 437 620 483 quam
671 419 912 470 Cassium.
986 420 1077 469 Cn.
1119 418 1383 479 Domitius,
1421 428 1559 482 pater
1600 422 1654 469 L.
1692 420 1884 470 Domiti

215 519 437 569 nuper—a
471 500 616 550 nobis
645 500 752 561 uisi,
788 500 1205 550 eminentissimae
1240 517 1299 549 ac
1331 501 1667 551 nobilissimae
1703 502 1885 566 simpli-

215 582 373 632 citatis
434 581 538 642 uiri,
587 599 710 630 auus
765 581 911 630 huius
965 583 1056 631 Cn.
1110 581 1314 641 Domiti,
1367 581 1621 630 clarissimi
1671 581 1878 643 iuuenis,

214 663 466 727 occupatis
522 663 732 712 nauibus
792 680 906 711 cum
953 679 1134 725 magno
1182 662 1494 725 sequentium
1542 663 1747 712 consilia
1793 681 1882 712 sua
1903 676 1925 714 5

214 745 450 794 comitatu
488 746 631 808 fugae
672 745 996 807 fortunaeque
1034 760 1087 792 se
1129 743 1389 804 commisit,
1428 754 1584 793 semet
1621 744 1729 808 ipso
1766 762 1880 794 con-

165 850 193 888 4
214 835 378 876 tentus
403 829 531 876 duce
555 825 779 889 partium.
831 825 1012 874 Statius
1034 827 1253 886 Murcus,
1275 825 1360 889 qui
1385 825 1528 875 classi
1552 836 1600 875 et
1625 827 1879 876 custodiae

214 907 359 956 maris
392 909 678 971 praefuerat,
706 923 821 955 cum
859 905 996 955 omni
1034 905 1300 955 commissa
1337 906 1430 955 sibi
1466 916 1603 970 parte
1641 907 1880 957 exercitus

213 988 516 1051 nauiumque
575 989 681 1036 Sex.
733 986 1043 1050 Pompeium,
1094 988 1185 1037 Cn.
1243 986 1416 1050 Magni
1470 987 1639 1048 filium,
1690 987 1775 1051 qui
1822 1005 1882 1037 ex

166 1086 188 1126 5
215 1069 462 1133 Hispania
496 1078 746 1118 reuertens
785 1068 1001 1118 Siciliam
1037 1068 1184 1117 armis
1221 1078 1563 1131 occupauerat,
1590 1069 1742 1132 petiit.
1815 1072 1880 1119 ad

212 1168 361 1214 quem
401 1160 450 1200 et
487 1168 514 1199 e
554 1149 800 1199 Brutianis
839 1149 1006 1199 castris
1046 1159 1094 1198 et
1132 1167 1191 1198 ex
1227 1149 1370 1198 Italia
1403 1150 1609 1213 aliisque
1645 1160 1879 1200 terrarum

212 1233 445 1297 partibus,
484 1249 610 1296 quos
647 1231 893 1295 praesenti
930 1231 1149 1295 periculo
1184 1233 1381 1280 fortuna
1421 1232 1733 1294 subduxerat,
1774 1250 1881 1296 pro-

213 1314 378 1378 scripti
427 1314 777 1364 confluebant:
845 1312 1030 1376 quippe
1089 1314 1281 1361 nullum
1339 1312 1638 1362 habentibus
1697 1323 1878 1362 statum

212 1395 419 1458 quilibet
467 1396 566 1444 dux
613 1404 715 1443 erat
761 1393 985 1453 idoneus,
1036 1411 1150 1443 cum
1192 1396 1388 1443 fortuna
1434 1411 1537 1443 non
1584 1394 1879 1444 electionem

211 1479 363 1537 daret,
423 1475 700 1540 perfugium
763 1477 1058 1536 ostenderet,
1120 1475 1464 1539 exitialemque
1533 1485 1878 1539 tempestatem

211 1558 510 1622 fugientibus
535 1557 680 1607 statio
704 1574 794 1621 pro
818 1567 963 1621 portu
986 1559 1123 1607 foret.

126 1653 189 1702 73
282 1639 385 1688 Hic
442 1640 733 1688 adulescens
785 1647 887 1687 erat
934 1638 1108 1688 studiis
1155 1638 1303 1699 rudis,
1354 1655 1581 1688 sermone
1628 1639 1877 1700 barbarus,

211 1719 399 1784 impetu
463 1730 703 1780 strenuus,
764 1737 915 1768 manu
978 1730 1248 1784 promptus,
1307 1720 1522 1784 cogitatu
1578 1723 1718 1781 celer,
1782 1723 1881 1771 fide

210 1802 335 1865 patri
360 1801 728 1861 dissimillimus,
755 1800 1043 1850 libertorum
1068 1818 1269 1850 suorum
1298 1801 1500 1850 libertus
1526 1819 1880 1866 seruorumque

166 1903 187 1931 2
210 1901 393 1944 seruus,
444 1883 678 1947 speciosis
725 1879 968 1943 inuidens,
1018 1892 1072 1932 ut
1118 1893 1308 1946 pareret
1353 1883 1669 1933 humillimis:
1729 1901 1878 1947 quem

209 1975 408 2014 senatus
433 1982 590 2029 paene
616 1974 747 2014 totus
771 1966 936 2014 adhuc
969 1982 996 2014 e
1035 1964 1350 2028 Pompeianis
1390 1975 1621 2015 constans
1659 1966 1879 2029 partibus

209 2056 322 2110 post
346 2046 535 2096 Antoni
558 2063 588 2095 a
614 2045 812 2094 Mutina
835 2047 1000 2109 fugam
1026 2048 1205 2095 eodem
1230 2045 1315 2095 illo
1339 2055 1575 2110 tempore,
1598 2063 1699 2110 quo
1725 2049 1879 2096 Bruto

209 2127 485 2190 Cassioque
508 2126 854 2176 transmarinas
879 2126 1158 2190 prouincias
1183 2128 1481 2187 decreuerat,
1508 2137 1795 2177 reuocatum
1820 2145 1879 2197 ex

210 2207 470 2271 Hispania,
521 2206 608 2256 ubi
653 2209 891 2256 aduersus
938 2224 1053 2256 eum
1102 2207 1425 2257 clarissimum
1473 2209 1658 2257 bellum
1718 2208 1878 2258 Pollio

208 2289 410 2338 Asinius
448 2288 718 2353 praetorius
758 2298 986 2352 gesserat,
1026 2288 1078 2337 in
1113 2299 1317 2352 paterna
1352 2290 1486 2338 bona
1520 2289 1794 2339 restituerat
1829 2300 1878 2340 et
1929 2314 1948 2353 .'
2010 2288 2014 2319 ²

161 2386 182 2423 3
208 2387 322 2419 orae
358 2369 630 2418 maritimae
666 2371 976 2432 praefecerat.
1050 2368 1090 2418 is
1126 2378 1246 2430 tum,
1274 2379 1328 2418 ut
1362 2369 1706 2433 praediximus,
1735 2387 1878 2419 occu-

208 2461 322 2515 pata
360 2451 524 2501 Sicilia
561 2450 759 2501 seruitia
794 2450 1127 2514 fugitiuosque
1159 2451 1210 2499 in
1243 2469 1504 2501 numerum
1530 2451 1768 2501 exercitus
1801 2451 1876 2501 sui

2002 675 2005 689 ⁴

2003 699 2005 708 v

1975 731 1977 733 ¹
2003 709 2005 729 1

2003 739 2006 828 l

266 2593 284 2619 1
317 2581 414 2620 relit
434 2580 520 2631 del„
543 2579 633 2619 dein
655 2579 869 2618 retulisset
897 2578 940 2618 A
1144 2591 1170 2618 2
1186 2583 1221 2617 et
1239 2593 1264 2628 4
1287 2579 1443 2618 Domiti
1462 2578 1553 2616 ΑΡ
1740 2593 1766 2630 3
1794 2581 1875 2619 uisi

206 2642 330 2686 super
364 2648 557 2673 rasuram
594 2635 637 2673 in
667 2633 711 2672 A
903 2647 925 2684 7
957 2634 1116 2673 Statius
1154 2634 1352 2673 Vrsinus:
1383 2634 1529 2673 Status
1559 2633 1634 2672 A:
1665 2634 1807 2673 Staius
1837 2635 1881 2673 P

207 2703 352 2728 murus
373 2690 461 2740 del„
486 2689 577 2728 dein
596 2687 821 2728 murcusA
949 2690 975 2727 8
1005 2693 1175 2739 preerat
1196 2688 1285 2737 del„
1310 2688 1399 2727 dein
1415 2687 1638 2738 pfueratA
1754 2702 1874 2728 exer-

208 2745 317 2783 citus
349 2744 556 2784 Gelenzus:
593 2743 784 2782 exercitu
810 2742 902 2781 ΑΡ
1071 2756 1099 2792 9
1128 2743 1216 2782 Sex
1243 2742 1286 2780 A
1440 2755 1491 2781 10
1519 2742 1639 2792 petiit
1662 2742 1873 2782 Gelenius:

207 2799 314 2849 petit
335 2798 427 2836 ΑΡ
542 2799 595 2836 ad
616 2811 743 2848 quem
764 2803 807 2836 et
827 2811 851 2836 e
871 2797 936 2836 P:
975 2798 1114 2847 adque
1145 2810 1212 2836 me
1237 2797 1272 2835 T
1296 2810 1320 2835 e
1346 2795 1414 2836 B:
1454 2802 1582 2846 atque
1613 2810 1680 2835 me
1709 2797 1745 2835 T
1773 2811 1798 2836 e
1825 2798 1870 2836 A

210 2865 258 2901 13
287 2853 430 2891 statim
459 2853 629 2903 Lipsius
666 2852 739 2890 uix
766 2852 1034 2903 probabiliter,
1068 2852 1116 2901 ef.
1149 2851 1296 2890 Novdk
1306 2858 1350 2902 p.
1377 2863 1427 2901 97
1612 2864 1658 2900 17
1691 2852 1807 2890 rudis
1836 2852 1874 2891 is

207 2907 461 2946 sermoueA
493 2906 611 2946 Num
627 2906 668 2945 in
682 2909 906 2947 sermone'.²
1022 2907 1071 2945 18
1099 2905 1386 2945 strennuusA
1465 2905 1650 2955 cogitatu
1672 2905 1871 2957 Schff’r:

208 2961 420 3011 cogitatur
447 2961 557 3003 AP:
616 2962 872 3011 cogitatione
910 2961 1169 3000 Rhenanus:
1222 2961 1451 3010 cogitando
1487 2960 1625 2998 Halm
1817 2974 1871 2999 20

207 3016 434 3055 humilimis
454 3015 496 3053 A
665 3029 718 3054 22
747 3016 911 3055 antonii
930 3015 971 3053 A
996 3016 1198 3054 mutinam
1217 3014 1269 3066 B,
1293 3028 1366 3053 em.
1391 3015 1550 3054 Burer:
1584 3014 1870 3054 Antonianam

207 3070 299 3109 ΑΡ
458 3072 514 3108 26
543 3070 667 3109 istum
687 3070 777 3108 ΑΡ

1017 3135 1068 3174 88
