<?xml version="1.0" encoding="UTF-8"?>
<!DOCTYPE html PUBLIC "-//W3C//DTD XHTML 1.0 Transitional//EN"
    "http://www.w3.org/TR/xhtml1/DTD/xhtml1-transitional.dtd">
<html xmlns="http://www.w3.org/1999/xhtml" xml:lang="en" lang="en">
 <head>
  <title>
</title>
<meta http-equiv="Content-Type" content="text/html;charset=utf-8" />
  <meta name='ocr-system' content='tesseract 3.04.00' />
  <meta name='ocr-capabilities' content='ocr_page ocr_carea ocr_par ocr_line ocrx_word'/>
</head>
<body>
  <div class='ocr_page' id='page_1' title='image "admviniciumlibri00velluoft_0090.png"; bbox 0 0 2014 3392; ppageno 0'>
   <div class='ocr_carea' id='block_1_1' title="bbox 712 217 1410 266">
    <p class='ocr_par' dir='ltr' id='par_1_1' title="bbox 712 217 1410 266">
     <span class='ocr_line' id='line_1_1' title="bbox 712 217 1410 266; baseline -0.001 -2"><span class='ocrx_word' id='word_1_1' title='bbox 712 217 971 264; x_wconf 91' lang='lat' dir='ltr'><strong>VELLEI</strong></span> <span class='ocrx_word' id='word_1_2' title='bbox 1009 217 1410 266; x_wconf 90' lang='lat' dir='ltr'>PATERCVLI</span> 
     </span>
    </p>
   </div>
   <div class='ocr_carea' id='block_1_2' title="bbox 128 355 2014 2375">
    <p class='ocr_par' dir='ltr' id='par_1_2' title="bbox 128 355 2014 2375">
     <span class='ocr_line' id='line_1_2' title="bbox 154 355 1891 419; baseline -0.001 -14"><span class='ocrx_word' id='word_1_3' title='bbox 154 383 155 387; x_wconf 61' lang='lat'><em>=</em></span> <span class='ocrx_word' id='word_1_4' title='bbox 227 357 411 405; x_wconf 91' lang='lat' dir='ltr'>bellum</span> <span class='ocrx_word' id='word_1_5' title='bbox 459 356 818 406; x_wconf 90' lang='lat' dir='ltr'>Antiochinum</span> <span class='ocrx_word' id='word_1_6' title='bbox 865 358 1022 405; x_wconf 88' lang='lat' dir='ltr'>Vulso</span> <span class='ocrx_word' id='word_1_7' title='bbox 1071 356 1290 405; x_wconf 87' lang='lat' dir='ltr'>Manlius</span> <span class='ocrx_word' id='word_1_8' title='bbox 1338 355 1739 419; x_wconf 83' lang='lat' dir='ltr'>Gallograeciam.</span> <span class='ocrx_word' id='word_1_9' title='bbox 1813 356 1891 404; x_wconf 91' lang='lat' dir='ltr'>Bi-</span> 
     </span>
     <span class='ocr_line' id='line_1_3' title="bbox 225 437 1892 502; baseline 0 -16"><span class='ocrx_word' id='word_1_10' title='bbox 225 438 407 501; x_wconf 88' lang='lat' dir='ltr'>thynia,</span> <span class='ocrx_word' id='word_1_11' title='bbox 435 448 488 487; x_wconf 92' lang='lat' dir='ltr'>ut</span> <span class='ocrx_word' id='word_1_12' title='bbox 519 438 863 502; x_wconf 84' lang='lat' dir='ltr'>praediximus,</span> <span class='ocrx_word' id='word_1_13' title='bbox 891 447 1187 487; x_wconf 91' lang='lat' dir='ltr'>testamento</span> <span class='ocrx_word' id='word_1_14' title='bbox 1226 437 1517 487; x_wconf 91' lang='lat' dir='ltr'>Nicomedis</span> <span class='ocrx_word' id='word_1_15' title='bbox 1554 437 1722 486; x_wconf 90' lang='lat' dir='ltr'>relicta</span> <span class='ocrx_word' id='word_1_16' title='bbox 1758 438 1892 486; x_wconf 92' lang='lat' dir='ltr'>here-</span> 
     </span>
     <span class='ocr_line' id='line_1_4' title="bbox 225 518 1888 583; baseline -0.001 -16"><span class='ocrx_word' id='word_1_17' title='bbox 225 519 411 569; x_wconf 88' lang='lat' dir='ltr'>ditaria.</span> <span class='ocrx_word' id='word_1_18' title='bbox 486 519 646 569; x_wconf 91' lang='lat' dir='ltr'>Diuus</span> <span class='ocrx_word' id='word_1_19' title='bbox 672 523 924 583; x_wconf 90' lang='lat' dir='ltr'>Augustus</span> <span class='ocrx_word' id='word_1_20' title='bbox 956 528 1146 582; x_wconf 91' lang='lat' dir='ltr'>praeter</span> <span class='ocrx_word' id='word_1_21' title='bbox 1180 518 1449 582; x_wconf 88' lang='lat' dir='ltr'>Hispanias</span> <span class='ocrx_word' id='word_1_22' title='bbox 1473 518 1692 581; x_wconf 87' lang='lat' dir='ltr'>aliasque</span> <span class='ocrx_word' id='word_1_23' title='bbox 1715 518 1888 581; x_wconf 90' lang='lat' dir='ltr'>gentis,</span> 
     </span>
     <span class='ocr_line' id='line_1_5' title="bbox 225 598 1892 664; baseline -0.002 -14"><span class='ocrx_word' id='word_1_24' title='bbox 225 618 433 664; x_wconf 90' lang='lat' dir='ltr'>quarum</span> <span class='ocrx_word' id='word_1_25' title='bbox 481 601 632 650; x_wconf 89' lang='lat' dir='ltr'>titulis</span> <span class='ocrx_word' id='word_1_26' title='bbox 679 603 841 649; x_wconf 89' lang='lat' dir='ltr'>forum</span> <span class='ocrx_word' id='word_1_27' title='bbox 889 599 993 649; x_wconf 91' lang='lat' dir='ltr'>eius</span> <span class='ocrx_word' id='word_1_28' title='bbox 1051 599 1305 663; x_wconf 81' lang='lat' dir='ltr'>praenitet,</span> <span class='ocrx_word' id='word_1_29' title='bbox 1355 616 1513 662; x_wconf 89' lang='lat' dir='ltr'>paene</span> <span class='ocrx_word' id='word_1_30' title='bbox 1571 598 1705 647; x_wconf 92' lang='lat' dir='ltr'>idem</span> <span class='ocrx_word' id='word_1_31' title='bbox 1763 601 1892 647; x_wconf 88' lang='lat' dir='ltr'>facta</span> 
     </span>
     <span class='ocr_line' id='line_1_6' title="bbox 224 679 2003 751; baseline -0.002 -20"><span class='ocrx_word' id='word_1_32' title='bbox 224 685 452 746; x_wconf 90' lang='lat' dir='ltr'>Aegypto</span> <span class='ocrx_word' id='word_1_33' title='bbox 478 681 806 745; x_wconf 89' lang='lat' dir='ltr'>stipendiaria,</span> <span class='ocrx_word' id='word_1_34' title='bbox 829 691 1070 745; x_wconf 91' lang='lat' dir='ltr'>quantum</span> <span class='ocrx_word' id='word_1_35' title='bbox 1094 690 1232 744; x_wconf 91' lang='lat' dir='ltr'>pater</span> <span class='ocrx_word' id='word_1_36' title='bbox 1251 680 1355 729; x_wconf 92' lang='lat' dir='ltr'>eius</span> <span class='ocrx_word' id='word_1_37' title='bbox 1375 680 1561 740; x_wconf 91' lang='lat' dir='ltr'>Galliis,</span> <span class='ocrx_word' id='word_1_38' title='bbox 1582 680 1633 728; x_wconf 92' lang='lat' dir='ltr'>in</span> <span class='ocrx_word' id='word_1_39' title='bbox 1652 679 1890 728; x_wconf 90' lang='lat' dir='ltr'>aerarium</span> <span class='ocrx_word' id='word_1_40' title='bbox 1922 698 1943 738; x_wconf 89' lang='lat'>5</span> <span class='ocrx_word' id='word_1_41' title='bbox 2000 734 2003 751; x_wconf 61' lang='lat'>÷</span> 
     </span>
     <span class='ocr_line' id='line_1_7' title="bbox 179 761 2000 830; baseline -0.003 -17"><span class='ocrx_word' id='word_1_42' title='bbox 179 777 201 815; x_wconf 82' lang='lat'>3</span> <span class='ocrx_word' id='word_1_43' title='bbox 224 763 409 812; x_wconf 88' lang='lat' dir='ltr'>reditus</span> <span class='ocrx_word' id='word_1_44' title='bbox 451 763 671 812; x_wconf 90' lang='lat' dir='ltr'>contulit.</span> <span class='ocrx_word' id='word_1_45' title='bbox 744 772 794 811; x_wconf 89' lang='lat' dir='ltr'>at</span> <span class='ocrx_word' id='word_1_46' title='bbox 835 762 910 811; x_wconf 90' lang='lat' dir='ltr'>Ti.</span> <span class='ocrx_word' id='word_1_47' title='bbox 951 764 1132 812; x_wconf 89' lang='lat' dir='ltr'>Caesar</span> <span class='ocrx_word' id='word_1_48' title='bbox 1167 779 1317 825; x_wconf 88' lang='lat' dir='ltr'>quam</span> <span class='ocrx_word' id='word_1_49' title='bbox 1354 771 1537 810; x_wconf 90' lang='lat' dir='ltr'>certam</span> <span class='ocrx_word' id='word_1_50' title='bbox 1576 761 1815 824; x_wconf 89' lang='lat' dir='ltr'>Hispanis</span> <span class='ocrx_word' id='word_1_51' title='bbox 1851 762 1893 808; x_wconf 83' lang='lat' dir='ltr'>is</span> <span class='ocrx_word' id='word_1_52' title='bbox 1998 827 2000 830; x_wconf 16' lang='lat' dir='ltr'>v</span> 
     </span>
     <span class='ocr_line' id='line_1_8' title="bbox 223 842 2005 909; baseline -0.003 -14"><span class='ocrx_word' id='word_1_53' title='bbox 223 845 430 909; x_wconf 91' lang='lat' dir='ltr'>parendi</span> <span class='ocrx_word' id='word_1_54' title='bbox 454 845 818 894; x_wconf 89' lang='lat' dir='ltr'>confessionem</span> <span class='ocrx_word' id='word_1_55' title='bbox 843 853 1121 904; x_wconf 86' lang='lat' dir='ltr'>extorserat,</span> <span class='ocrx_word' id='word_1_56' title='bbox 1148 861 1316 907; x_wconf 92' lang='lat' dir='ltr'>parem</span> <span class='ocrx_word' id='word_1_57' title='bbox 1343 843 1517 907; x_wconf 84' lang='lat' dir='ltr'>Illyriis</span> <span class='ocrx_word' id='word_1_58' title='bbox 1549 842 1890 906; x_wconf 87' lang='lat' dir='ltr'>Delmatisque</span> <span class='ocrx_word' id='word_1_59' title='bbox 1997 881 2005 903; x_wconf 41' lang='grc' dir='ltr'><em>ι</em></span> 
     </span>
     <span class='ocr_line' id='line_1_9' title="bbox 223 913 2006 986; baseline -0.002 -10"><span class='ocrx_word' id='word_1_60' title='bbox 223 927 435 976; x_wconf 89' lang='lat' dir='ltr'>extorsit.</span> <span class='ocrx_word' id='word_1_61' title='bbox 511 926 739 975; x_wconf 88' lang='lat' dir='ltr'>Raetiam</span> <span class='ocrx_word' id='word_1_62' title='bbox 767 936 934 975; x_wconf 89' lang='lat' dir='ltr'>autem</span> <span class='ocrx_word' id='word_1_63' title='bbox 967 935 1015 975; x_wconf 93' lang='lat' dir='ltr'>et</span> <span class='ocrx_word' id='word_1_64' title='bbox 1039 925 1328 974; x_wconf 87' lang='lat' dir='ltr'>Vindelicos</span> <span class='ocrx_word' id='word_1_65' title='bbox 1360 942 1418 974; x_wconf 90' lang='lat' dir='ltr'>ac</span> <span class='ocrx_word' id='word_1_66' title='bbox 1452 925 1662 974; x_wconf 87' lang='lat' dir='ltr'>Noricos</span> <span class='ocrx_word' id='word_1_67' title='bbox 1700 927 1891 973; x_wconf 89' lang='lat' dir='ltr'>Panno·</span> <span class='ocrx_word' id='word_1_68' title='bbox 1953 979 1959 986; x_wconf 30' lang='lat'>⁸</span> <span class='ocrx_word' id='word_1_69' title='bbox 1999 913 2006 934; x_wconf 48' lang='lat'>&#39;⁵</span> 
     </span>
     <span class='ocr_line' id='line_1_10' title="bbox 222 1005 2006 1071; baseline -0.002 -15"><span class='ocrx_word' id='word_1_70' title='bbox 222 1008 457 1071; x_wconf 90' lang='lat' dir='ltr'>niamque</span> <span class='ocrx_word' id='word_1_71' title='bbox 504 1017 552 1056; x_wconf 94' lang='lat' dir='ltr'>et</span> <span class='ocrx_word' id='word_1_72' title='bbox 607 1007 893 1056; x_wconf 90' lang='lat' dir='ltr'>Scordiscos</span> <span class='ocrx_word' id='word_1_73' title='bbox 940 1024 1096 1056; x_wconf 90' lang='lat' dir='ltr'>nouas</span> <span class='ocrx_word' id='word_1_74' title='bbox 1155 1006 1362 1069; x_wconf 90' lang='lat' dir='ltr'>imperio</span> <span class='ocrx_word' id='word_1_75' title='bbox 1417 1015 1585 1055; x_wconf 91' lang='lat' dir='ltr'>nostro</span> <span class='ocrx_word' id='word_1_76' title='bbox 1640 1005 1890 1054; x_wconf 86' lang='lat' dir='ltr'>subiunxit</span> <span class='ocrx_word' id='word_1_77' title='bbox 2001 1067 2006 1070; x_wconf 26' lang='grc' dir='ltr'>Ι</span> 
     </span>
     <span class='ocr_line' id='line_1_11' title="bbox 222 1086 1964 1153; baseline -0.003 -15"><span class='ocrx_word' id='word_1_78' title='bbox 222 1089 514 1153; x_wconf 90' lang='lat' dir='ltr'>prouincias.</span> <span class='ocrx_word' id='word_1_79' title='bbox 588 1098 642 1138; x_wconf 91' lang='lat' dir='ltr'>ut</span> <span class='ocrx_word' id='word_1_80' title='bbox 699 1091 788 1138; x_wconf 90' lang='lat' dir='ltr'>has</span> <span class='ocrx_word' id='word_1_81' title='bbox 845 1088 1006 1149; x_wconf 91' lang='lat' dir='ltr'>armis,</span> <span class='ocrx_word' id='word_1_82' title='bbox 1056 1088 1124 1137; x_wconf 89' lang='lat' dir='ltr'>ita</span> <span class='ocrx_word' id='word_1_83' title='bbox 1173 1088 1461 1137; x_wconf 91' lang='lat' dir='ltr'>auctoritate</span> <span class='ocrx_word' id='word_1_84' title='bbox 1517 1086 1886 1151; x_wconf 88' lang='lat' dir='ltr'>Cappadociam</span> <span class='ocrx_word' id='word_1_85' title='bbox 1915 1100 2003 1133; x_wconf 82' lang='grc' dir='ltr'>ιο</span> 
     </span>
     <span class='ocr_line' id='line_1_12' title="bbox 222 1146 2005 1264; baseline -0.002 -44"><span class='ocrx_word' id='word_1_86' title='bbox 222 1173 409 1234; x_wconf 93' lang='lat' dir='ltr'>populo</span> <span class='ocrx_word' id='word_1_87' title='bbox 459 1173 692 1220; x_wconf 90' lang='lat' dir='ltr'>Romano</span> <span class='ocrx_word' id='word_1_88' title='bbox 738 1170 855 1219; x_wconf 92' lang='lat' dir='ltr'>fecit</span> <span class='ocrx_word' id='word_1_89' title='bbox 896 1169 1277 1233; x_wconf 88' lang='lat' dir='ltr'>stipendiariam.</span> <span class='ocrx_word' id='word_1_90' title='bbox 1350 1171 1439 1219; x_wconf 91' lang='lat' dir='ltr'>sed</span> <span class='ocrx_word' id='word_1_91' title='bbox 1479 1179 1779 1218; x_wconf 90' lang='lat' dir='ltr'>reuertamur</span> <span class='ocrx_word' id='word_1_92' title='bbox 1825 1170 1891 1218; x_wconf 88' lang='lat' dir='ltr'>ad</span> <span class='ocrx_word' id='word_1_93' title='bbox 1986 1146 2005 1264; x_wconf 44' lang='grc' dir='ltr'><strong><em>ζ</em></strong></span> 
     </span>
     <span class='ocr_line' id='line_1_13' title="bbox 223 1252 2009 1301; baseline -0.006 0"><span class='ocrx_word' id='word_1_94' title='bbox 223 1252 462 1301; x_wconf 85' lang='lat' dir='ltr'>ordinem.</span> <span class='ocrx_word' id='word_1_95' title='bbox 1986 1265 2009 1299; x_wconf 51' lang='grc'>,3,</span> 
     </span>
     <span class='ocr_line' id='line_1_14' title="bbox 128 1317 2004 1395; baseline -0.001 -13"><span class='ocrx_word' id='word_1_96' title='bbox 128 1347 199 1395; x_wconf 90' lang='lat'>40</span> <span class='ocrx_word' id='word_1_97' title='bbox 292 1336 472 1383; x_wconf 90' lang='lat' dir='ltr'>Secuta</span> <span class='ocrx_word' id='word_1_98' title='bbox 529 1332 711 1383; x_wconf 93' lang='lat' dir='ltr'>deinde</span> <span class='ocrx_word' id='word_1_99' title='bbox 771 1334 862 1383; x_wconf 91' lang='lat' dir='ltr'>Cn.</span> <span class='ocrx_word' id='word_1_100' title='bbox 914 1331 1122 1395; x_wconf 92' lang='lat' dir='ltr'>Pompei</span> <span class='ocrx_word' id='word_1_101' title='bbox 1176 1331 1361 1392; x_wconf 91' lang='lat' dir='ltr'>militia,</span> <span class='ocrx_word' id='word_1_102' title='bbox 1411 1331 1592 1395; x_wconf 89' lang='lat' dir='ltr'>gloriae</span> <span class='ocrx_word' id='word_1_103' title='bbox 1645 1331 1891 1381; x_wconf 88' lang='lat' dir='ltr'>laborisne</span> <span class='ocrx_word' id='word_1_104' title='bbox 1984 1317 2004 1372; x_wconf 72' lang='lat' dir='ltr'>l</span> 
     </span>
     <span class='ocr_line' id='line_1_15' title="bbox 225 1412 2008 1482; baseline -0.002 -18"><span class='ocrx_word' id='word_1_105' title='bbox 225 1415 421 1464; x_wconf 88' lang='lat' dir='ltr'>maioris</span> <span class='ocrx_word' id='word_1_106' title='bbox 479 1414 723 1463; x_wconf 90' lang='lat' dir='ltr'>incertum</span> <span class='ocrx_word' id='word_1_107' title='bbox 781 1423 867 1463; x_wconf 88' lang='lat' dir='ltr'>est.</span> <span class='ocrx_word' id='word_1_108' title='bbox 957 1423 1240 1477; x_wconf 90' lang='lat' dir='ltr'>penetratae</span> <span class='ocrx_word' id='word_1_109' title='bbox 1287 1430 1402 1462; x_wconf 91' lang='lat' dir='ltr'>cum</span> <span class='ocrx_word' id='word_1_110' title='bbox 1449 1412 1655 1462; x_wconf 88' lang='lat' dir='ltr'>uictoria</span> <span class='ocrx_word' id='word_1_111' title='bbox 1702 1413 1887 1473; x_wconf 90' lang='lat' dir='ltr'>Media,</span> <span class='ocrx_word' id='word_1_112' title='bbox 1987 1416 2008 1482; x_wconf 50' lang='grc' dir='ltr'>ᾗ</span> 
     </span>
     <span class='ocr_line' id='line_1_16' title="bbox 222 1493 2006 1588; baseline -0.001 -43"><span class='ocrx_word' id='word_1_113' title='bbox 222 1495 420 1556; x_wconf 88' lang='lat' dir='ltr'>Albani,</span> <span class='ocrx_word' id='word_1_114' title='bbox 447 1500 477 1547; x_wconf 83' lang='lat'>†</span> <span class='ocrx_word' id='word_1_115' title='bbox 494 1495 673 1544; x_wconf 91' lang='lat' dir='ltr'>Hiberi</span> <span class='ocrx_word' id='word_1_116' title='bbox 690 1514 704 1556; x_wconf 78' lang='lat'><em>3</em></span> <span class='ocrx_word' id='word_1_117' title='bbox 737 1513 797 1544; x_wconf 91' lang='lat' dir='ltr'>ac</span> <span class='ocrx_word' id='word_1_118' title='bbox 821 1495 1004 1545; x_wconf 92' lang='lat' dir='ltr'>deinde</span> <span class='ocrx_word' id='word_1_119' title='bbox 1036 1497 1217 1544; x_wconf 90' lang='lat' dir='ltr'>flexum</span> <span class='ocrx_word' id='word_1_120' title='bbox 1249 1511 1428 1558; x_wconf 89' lang='lat' dir='ltr'>agmen</span> <span class='ocrx_word' id='word_1_121' title='bbox 1451 1496 1516 1544; x_wconf 92' lang='lat' dir='ltr'>ad</span> <span class='ocrx_word' id='word_1_122' title='bbox 1541 1512 1623 1544; x_wconf 92' lang='lat' dir='ltr'>eas</span> <span class='ocrx_word' id='word_1_123' title='bbox 1648 1495 1887 1555; x_wconf 90' lang='lat' dir='ltr'>nationes,</span> <span class='ocrx_word' id='word_1_124' title='bbox 1919 1510 1964 1550; x_wconf 86' lang='lat'>15</span> <span class='ocrx_word' id='word_1_125' title='bbox 1982 1493 2006 1588; x_wconf 50' lang='grc' dir='ltr'><strong>ἶ</strong></span> 
     </span>
     <span class='ocr_line' id='line_1_17' title="bbox 222 1577 2005 1660; baseline -0.001 -34"><span class='ocrx_word' id='word_1_126' title='bbox 222 1595 350 1641; x_wconf 90' lang='lat' dir='ltr'>quae</span> <span class='ocrx_word' id='word_1_127' title='bbox 383 1579 552 1626; x_wconf 89' lang='lat' dir='ltr'>dextra</span> <span class='ocrx_word' id='word_1_128' title='bbox 588 1587 738 1640; x_wconf 92' lang='lat' dir='ltr'>atque</span> <span class='ocrx_word' id='word_1_129' title='bbox 766 1577 949 1626; x_wconf 84' lang='lat' dir='ltr'>&#39;intima</span> <span class='ocrx_word' id='word_1_130' title='bbox 987 1577 1134 1626; x_wconf 91' lang='lat' dir='ltr'>Ponti</span> <span class='ocrx_word' id='word_1_131' title='bbox 1170 1577 1407 1637; x_wconf 90' lang='lat' dir='ltr'>incolunt,</span> <span class='ocrx_word' id='word_1_132' title='bbox 1444 1578 1662 1627; x_wconf 91' lang='lat' dir='ltr'>Colchos</span> <span class='ocrx_word' id='word_1_133' title='bbox 1702 1577 1891 1626; x_wconf 92' lang='lat' dir='ltr'>Henio-</span> <span class='ocrx_word' id='word_1_134' title='bbox 1992 1583 2005 1660; x_wconf 53' lang='grc' dir='ltr'><em>ἓ</em></span> 
     </span>
     <span class='ocr_line' id='line_1_18' title="bbox 222 1657 2001 1722; baseline 0 -15"><span class='ocrx_word' id='word_1_135' title='bbox 222 1661 445 1722; x_wconf 87' lang='lat' dir='ltr'>chosque</span> <span class='ocrx_word' id='word_1_136' title='bbox 470 1668 518 1707; x_wconf 94' lang='lat' dir='ltr'>et</span> <span class='ocrx_word' id='word_1_137' title='bbox 542 1660 787 1718; x_wconf 91' lang='lat' dir='ltr'>Achaeos,</span> <span class='ocrx_word' id='word_1_138' title='bbox 815 1667 864 1707; x_wconf 91' lang='lat' dir='ltr'>et</span> <span class='ocrx_word' id='word_1_139' title='bbox 889 1675 1153 1721; x_wconf 87' lang='lat' dir='ltr'>oppressus</span> <span class='ocrx_word' id='word_1_140' title='bbox 1185 1657 1416 1721; x_wconf 89' lang='lat' dir='ltr'>auspiciis</span> <span class='ocrx_word' id='word_1_141' title='bbox 1450 1658 1671 1721; x_wconf 89' lang='lat' dir='ltr'>Pompei,</span> <span class='ocrx_word' id='word_1_142' title='bbox 1698 1658 1888 1708; x_wconf 89' lang='lat' dir='ltr'>insidiis</span> <span class='ocrx_word' id='word_1_143' title='bbox 1992 1669 2001 1696; x_wconf 60' lang='lat'><em>³</em></span> 
     </span>
     <span class='ocr_line' id='line_1_19' title="bbox 220 1739 1887 1804; baseline 0.001 -16"><span class='ocrx_word' id='word_1_144' title='bbox 220 1740 289 1788; x_wconf 90' lang='lat' dir='ltr'>fili</span> <span class='ocrx_word' id='word_1_145' title='bbox 314 1739 580 1789; x_wconf 89' lang='lat' dir='ltr'>Pharnacis</span> <span class='ocrx_word' id='word_1_146' title='bbox 616 1739 944 1800; x_wconf 89' lang='lat' dir='ltr'>Mithridates,</span> <span class='ocrx_word' id='word_1_147' title='bbox 972 1740 1173 1789; x_wconf 90' lang='lat' dir='ltr'>ultimus</span> <span class='ocrx_word' id='word_1_148' title='bbox 1206 1740 1431 1789; x_wconf 89' lang='lat' dir='ltr'>omnium</span> <span class='ocrx_word' id='word_1_149' title='bbox 1463 1740 1579 1789; x_wconf 87' lang='lat' dir='ltr'>iuris</span> <span class='ocrx_word' id='word_1_150' title='bbox 1612 1740 1687 1789; x_wconf 88' lang='lat' dir='ltr'>sui</span> <span class='ocrx_word' id='word_1_151' title='bbox 1719 1757 1887 1804; x_wconf 90' lang='lat' dir='ltr'>regum</span> 
     </span>
     <span class='ocr_line' id='line_1_20' title="bbox 175 1821 1886 1886; baseline 0.001 -16"><span class='ocrx_word' id='word_1_152' title='bbox 175 1834 194 1860; x_wconf 86' lang='lat'>2</span> <span class='ocrx_word' id='word_1_153' title='bbox 219 1832 409 1885; x_wconf 90' lang='lat' dir='ltr'>praeter</span> <span class='ocrx_word' id='word_1_154' title='bbox 434 1821 702 1871; x_wconf 88' lang='lat' dir='ltr'>Parthicos.</span> <span class='ocrx_word' id='word_1_155' title='bbox 758 1831 864 1871; x_wconf 93' lang='lat' dir='ltr'>tum</span> <span class='ocrx_word' id='word_1_156' title='bbox 883 1822 1042 1871; x_wconf 93' lang='lat' dir='ltr'>uictor</span> <span class='ocrx_word' id='word_1_157' title='bbox 1060 1821 1284 1871; x_wconf 92' lang='lat' dir='ltr'>omnium</span> <span class='ocrx_word' id='word_1_158' title='bbox 1310 1839 1432 1885; x_wconf 89' lang='lat' dir='ltr'>quas</span> <span class='ocrx_word' id='word_1_159' title='bbox 1456 1822 1642 1871; x_wconf 86' lang='lat' dir='ltr'>adierat</span> <span class='ocrx_word' id='word_1_160' title='bbox 1666 1823 1886 1886; x_wconf 91' lang='lat' dir='ltr'>gentium</span> 
     </span>
     <span class='ocr_line' id='line_1_21' title="bbox 220 1904 1964 1968; baseline 0.001 -15"><span class='ocrx_word' id='word_1_161' title='bbox 220 1904 487 1968; x_wconf 91' lang='lat' dir='ltr'>Pompeius</span> <span class='ocrx_word' id='word_1_162' title='bbox 536 1921 727 1968; x_wconf 91' lang='lat' dir='ltr'>suoque</span> <span class='ocrx_word' id='word_1_163' title='bbox 774 1913 822 1953; x_wconf 92' lang='lat' dir='ltr'>et</span> <span class='ocrx_word' id='word_1_164' title='bbox 870 1904 1054 1953; x_wconf 92' lang='lat' dir='ltr'>ciuium</span> <span class='ocrx_word' id='word_1_165' title='bbox 1101 1913 1222 1954; x_wconf 94' lang='lat' dir='ltr'>uoto</span> <span class='ocrx_word' id='word_1_166' title='bbox 1270 1904 1425 1954; x_wconf 90' lang='lat' dir='ltr'>maior</span> <span class='ocrx_word' id='word_1_167' title='bbox 1476 1914 1524 1953; x_wconf 94' lang='lat' dir='ltr'>et</span> <span class='ocrx_word' id='word_1_168' title='bbox 1578 1921 1665 1967; x_wconf 92' lang='lat' dir='ltr'>per</span> <span class='ocrx_word' id='word_1_169' title='bbox 1719 1906 1887 1954; x_wconf 90' lang='lat' dir='ltr'>omnia</span> <span class='ocrx_word' id='word_1_170' title='bbox 1914 1917 1964 1944; x_wconf 87' lang='lat'>20</span> 
     </span>
     <span class='ocr_line' id='line_1_22' title="bbox 218 1985 1886 2048; baseline 0.002 -15"><span class='ocrx_word' id='word_1_171' title='bbox 218 1988 466 2034; x_wconf 89' lang='lat' dir='ltr'>fortunam</span> <span class='ocrx_word' id='word_1_172' title='bbox 514 1985 730 2034; x_wconf 92' lang='lat' dir='ltr'>hominis</span> <span class='ocrx_word' id='word_1_173' title='bbox 787 2002 1008 2048; x_wconf 90' lang='lat' dir='ltr'>egressus</span> <span class='ocrx_word' id='word_1_174' title='bbox 1055 1985 1312 2034; x_wconf 92' lang='lat' dir='ltr'>reuertitur</span> <span class='ocrx_word' id='word_1_175' title='bbox 1366 1985 1417 2034; x_wconf 92' lang='lat' dir='ltr'>in</span> <span class='ocrx_word' id='word_1_176' title='bbox 1466 1986 1674 2035; x_wconf 88' lang='lat' dir='ltr'>Italiam.</span> <span class='ocrx_word' id='word_1_177' title='bbox 1747 1987 1886 2037; x_wconf 91' lang='lat' dir='ltr'>cuius</span> 
     </span>
     <span class='ocr_line' id='line_1_23' title="bbox 218 2066 1885 2130; baseline 0.001 -15"><span class='ocrx_word' id='word_1_178' title='bbox 218 2067 431 2116; x_wconf 92' lang='lat' dir='ltr'>reditum</span> <span class='ocrx_word' id='word_1_179' title='bbox 472 2067 794 2115; x_wconf 90' lang='lat' dir='ltr'>fauorabilem</span> <span class='ocrx_word' id='word_1_180' title='bbox 836 2066 1006 2129; x_wconf 92' lang='lat' dir='ltr'>opinio</span> <span class='ocrx_word' id='word_1_181' title='bbox 1047 2068 1227 2116; x_wconf 87' lang='lat' dir='ltr'>fecerat</span> <span class='ocrx_word' id='word_1_182' title='bbox 1244 2085 1258 2127; x_wconf 80' lang='lat'>3</span> <span class='ocrx_word' id='word_1_183' title='bbox 1306 2066 1491 2130; x_wconf 89' lang='lat' dir='ltr'>quippe</span> <span class='ocrx_word' id='word_1_184' title='bbox 1528 2067 1749 2130; x_wconf 89' lang='lat' dir='ltr'>plerique</span> <span class='ocrx_word' id='word_1_185' title='bbox 1785 2086 1885 2118; x_wconf 94' lang='lat' dir='ltr'>non</span> 
     </span>
     <span class='ocr_line' id='line_1_24' title="bbox 218 2147 1887 2199; baseline 0.001 -2"><span class='ocrx_word' id='word_1_186' title='bbox 218 2148 325 2198; x_wconf 88' lang='lat' dir='ltr'>sine</span> <span class='ocrx_word' id='word_1_187' title='bbox 367 2148 580 2196; x_wconf 90' lang='lat' dir='ltr'>exercitu</span> <span class='ocrx_word' id='word_1_188' title='bbox 619 2157 884 2196; x_wconf 92' lang='lat' dir='ltr'>uenturum</span> <span class='ocrx_word' id='word_1_189' title='bbox 921 2147 973 2196; x_wconf 93' lang='lat' dir='ltr'>in</span> <span class='ocrx_word' id='word_1_190' title='bbox 1015 2148 1189 2197; x_wconf 93' lang='lat' dir='ltr'>urbem</span> <span class='ocrx_word' id='word_1_191' title='bbox 1230 2149 1545 2197; x_wconf 88' lang='lat' dir='ltr'>adfirmarant</span> <span class='ocrx_word' id='word_1_192' title='bbox 1587 2157 1635 2198; x_wconf 91' lang='lat' dir='ltr'>et</span> <span class='ocrx_word' id='word_1_193' title='bbox 1676 2149 1887 2199; x_wconf 90' lang='lat' dir='ltr'>libertati</span> 
     </span>
     <span class='ocr_line' id='line_1_25' title="bbox 172 2228 2014 2293; baseline 0.001 -15"><span class='ocrx_word' id='word_1_194' title='bbox 172 2240 195 2278; x_wconf 81' lang='lat'>5</span> <span class='ocrx_word' id='word_1_195' title='bbox 218 2229 446 2293; x_wconf 90' lang='lat' dir='ltr'>publicae</span> <span class='ocrx_word' id='word_1_196' title='bbox 479 2238 774 2279; x_wconf 87' lang='lat' dir='ltr'>statuturum</span> <span class='ocrx_word' id='word_1_197' title='bbox 805 2228 1006 2277; x_wconf 90' lang='lat' dir='ltr'>arbitrio</span> <span class='ocrx_word' id='word_1_198' title='bbox 1039 2245 1129 2277; x_wconf 89' lang='lat' dir='ltr'>suo</span> <span class='ocrx_word' id='word_1_199' title='bbox 1166 2230 1386 2277; x_wconf 91' lang='lat' dir='ltr'>modum.</span> <span class='ocrx_word' id='word_1_200' title='bbox 1460 2246 1561 2292; x_wconf 93' lang='lat' dir='ltr'>quo</span> <span class='ocrx_word' id='word_1_201' title='bbox 1597 2229 1752 2293; x_wconf 87' lang='lat' dir='ltr'>magis</span> <span class='ocrx_word' id='word_1_202' title='bbox 1788 2232 1885 2280; x_wconf 93' lang='lat' dir='ltr'>hoc</span> <span class='ocrx_word' id='word_1_203' title='bbox 2010 2238 2014 2285; x_wconf 77' lang='lat' dir='ltr'>,i</span> 
     </span>
     <span class='ocr_line' id='line_1_26' title="bbox 217 2310 1957 2375; baseline 0.002 -15"><span class='ocrx_word' id='word_1_204' title='bbox 217 2311 445 2361; x_wconf 91' lang='lat' dir='ltr'>homines</span> <span class='ocrx_word' id='word_1_205' title='bbox 500 2310 778 2371; x_wconf 87' lang='lat' dir='ltr'>timuerant,</span> <span class='ocrx_word' id='word_1_206' title='bbox 828 2327 889 2359; x_wconf 94' lang='lat' dir='ltr'>eo</span> <span class='ocrx_word' id='word_1_207' title='bbox 946 2310 1126 2374; x_wconf 86' lang='lat' dir='ltr'>gratior</span> <span class='ocrx_word' id='word_1_208' title='bbox 1182 2310 1340 2360; x_wconf 88' lang='lat' dir='ltr'>ciuilis</span> <span class='ocrx_word' id='word_1_209' title='bbox 1398 2310 1521 2360; x_wconf 91' lang='lat' dir='ltr'>tanti</span> <span class='ocrx_word' id='word_1_210' title='bbox 1578 2311 1884 2375; x_wconf 90' lang='lat' dir='ltr'>imperatoris</span> <span class='ocrx_word' id='word_1_211' title='bbox 1912 2326 1957 2365; x_wconf 88' lang='lat'>25</span> 
     </span>
    </p>
   </div>
   <div class='ocr_carea' id='block_1_3' title="bbox 217 2440 1892 3094">
    <p class='ocr_par' dir='ltr' id='par_1_3' title="bbox 217 2440 1892 3094">
     <span class='ocr_line' id='line_1_27' title="bbox 276 2440 1885 2493; baseline 0.001 -12"><span class='ocrx_word' id='word_1_212' title='bbox 276 2456 294 2481; x_wconf 91' lang='lat'>1</span> <span class='ocrx_word' id='word_1_213' title='bbox 328 2442 573 2492; x_wconf 90' lang='lat' dir='ltr'>Bythiniam</span> <span class='ocrx_word' id='word_1_214' title='bbox 593 2440 636 2478; x_wconf 87' lang='lat' dir='ltr'><em>A</em></span> <span class='ocrx_word' id='word_1_215' title='bbox 803 2453 829 2490; x_wconf 88' lang='lat'><strong>3</strong></span> <span class='ocrx_word' id='word_1_216' title='bbox 858 2440 999 2490; x_wconf 88' lang='lat' dir='ltr'>gentis</span> <span class='ocrx_word' id='word_1_217' title='bbox 1027 2444 1240 2479; x_wconf 77' lang='lat' dir='ltr'>mutatum</span> <span class='ocrx_word' id='word_1_218' title='bbox 1266 2441 1311 2480; x_wconf 87' lang='lat' dir='ltr'>in</span> <span class='ocrx_word' id='word_1_219' title='bbox 1338 2446 1491 2490; x_wconf 88' lang='lat' dir='ltr'>gentes</span> <span class='ocrx_word' id='word_1_220' title='bbox 1510 2440 1553 2479; x_wconf 88' lang='lat' dir='ltr'><em>A</em></span> <span class='ocrx_word' id='word_1_221' title='bbox 1721 2455 1745 2493; x_wconf 89' lang='lat'>5</span> <span class='ocrx_word' id='word_1_222' title='bbox 1777 2443 1885 2483; x_wconf 91' lang='lat' dir='ltr'>Galli</span> 
     </span>
     <span class='ocr_line' id='line_1_28' title="bbox 217 2495 1885 2539; baseline 0.002 -4"><span class='ocrx_word' id='word_1_223' title='bbox 217 2497 258 2535; x_wconf 87' lang='lat' dir='ltr'><em>A</em></span> <span class='ocrx_word' id='word_1_224' title='bbox 267 2496 372 2536; x_wconf 87' lang='lat' dir='ltr'>BP:</span> <span class='ocrx_word' id='word_1_225' title='bbox 402 2496 548 2536; x_wconf 89' lang='lat' dir='ltr'>Galliis</span> <span class='ocrx_word' id='word_1_226' title='bbox 567 2495 734 2534; x_wconf 86' lang='lat' dir='ltr'>Halm:</span> <span class='ocrx_word' id='word_1_227' title='bbox 764 2495 899 2535; x_wconf 91' lang='lat' dir='ltr'>Gallia</span> <span class='ocrx_word' id='word_1_228' title='bbox 923 2496 1109 2535; x_wconf 81' lang='lat' dir='ltr'>Gelenius</span> <span class='ocrx_word' id='word_1_229' title='bbox 1271 2497 1299 2533; x_wconf 91' lang='lat'><strong>6</strong></span> <span class='ocrx_word' id='word_1_230' title='bbox 1326 2496 1516 2535; x_wconf 90' lang='lat' dir='ltr'>redditus</span> <span class='ocrx_word' id='word_1_231' title='bbox 1531 2495 1616 2535; x_wconf 90' lang='grc' dir='ltr'>ΒΑ</span> <span class='ocrx_word' id='word_1_232' title='bbox 1719 2504 1762 2537; x_wconf 85' lang='lat' dir='ltr'>at</span> <span class='ocrx_word' id='word_1_233' title='bbox 1774 2498 1885 2539; x_wconf 87' lang='lat' dir='ltr'>AP:</span> 
     </span>
     <span class='ocr_line' id='line_1_29' title="bbox 217 2549 1874 2601; baseline 0.001 -11"><span class='ocrx_word' id='word_1_234' title='bbox 217 2553 271 2590; x_wconf 92' lang='lat' dir='ltr'>ad</span> <span class='ocrx_word' id='word_1_235' title='bbox 293 2552 333 2589; x_wconf 91' lang='grc' dir='ltr'><em>Β</em></span> <span class='ocrx_word' id='word_1_236' title='bbox 443 2552 505 2591; x_wconf 91' lang='lat' dir='ltr'>Ti.</span> <span class='ocrx_word' id='word_1_237' title='bbox 537 2550 737 2590; x_wconf 85' lang='lat' dir='ltr'>Vrsinus:</span> <span class='ocrx_word' id='word_1_238' title='bbox 765 2550 813 2590; x_wconf 91' lang='lat' dir='ltr'>T.</span> <span class='ocrx_word' id='word_1_239' title='bbox 836 2549 878 2588; x_wconf 86' lang='lat' dir='ltr'><em>A</em></span> <span class='ocrx_word' id='word_1_240' title='bbox 886 2549 968 2588; x_wconf 85' lang='lat' dir='ltr'>BP</span> <span class='ocrx_word' id='word_1_241' title='bbox 1138 2550 1174 2588; x_wconf 88' lang='lat' dir='ltr'>is</span> <span class='ocrx_word' id='word_1_242' title='bbox 1195 2550 1337 2589; x_wconf 80' lang='lat' dir='ltr'>addidi</span> <span class='ocrx_word' id='word_1_243' title='bbox 1499 2564 1521 2601; x_wconf 95' lang='lat'><strong>7</strong></span> <span class='ocrx_word' id='word_1_244' title='bbox 1551 2565 1701 2601; x_wconf 87' lang='lat' dir='ltr'>parem</span> <span class='ocrx_word' id='word_1_245' title='bbox 1719 2552 1851 2591; x_wconf 86' lang='lat' dir='ltr'>ABP</span> <span class='ocrx_word' id='word_1_246' title='bbox 1864 2568 1874 2593; x_wconf 95' lang='lat'>:</span> 
     </span>
     <span class='ocr_line' id='line_1_30' title="bbox 217 2603 1892 2657; baseline 0.001 -12"><span class='ocrx_word' id='word_1_247' title='bbox 217 2619 375 2657; x_wconf 90' lang='lat' dir='ltr'>parens</span> <span class='ocrx_word' id='word_1_248' title='bbox 417 2605 590 2644; x_wconf 81' lang='lat' dir='ltr'>Vrsinus</span> <span class='ocrx_word' id='word_1_249' title='bbox 618 2610 656 2643; x_wconf 88' lang='lat' dir='ltr'>et</span> <span class='ocrx_word' id='word_1_250' title='bbox 681 2605 850 2655; x_wconf 82' lang='lat' dir='ltr'>Lipsius</span> <span class='ocrx_word' id='word_1_251' title='bbox 862 2618 880 2653; x_wconf 91' lang='lat'><em>;</em></span> <span class='ocrx_word' id='word_1_252' title='bbox 916 2603 991 2643; x_wconf 81' lang='lat' dir='ltr'>sed</span> <span class='ocrx_word' id='word_1_253' title='bbox 1007 2608 1103 2655; x_wconf 85' lang='lat' dir='ltr'>post</span> <span class='ocrx_word' id='word_1_254' title='bbox 1127 2618 1254 2655; x_wconf 86' lang='lat' dir='ltr'>quam</span> <span class='ocrx_word' id='word_1_255' title='bbox 1282 2611 1441 2644; x_wconf 91' lang='lat' dir='ltr'>certam</span> <span class='ocrx_word' id='word_1_256' title='bbox 1474 2606 1694 2655; x_wconf 82' lang='lat' dir='ltr'>requiritur</span> <span class='ocrx_word' id='word_1_257' title='bbox 1706 2607 1754 2645; x_wconf 79' lang='lat' dir='ltr'>id</span> <span class='ocrx_word' id='word_1_258' title='bbox 1778 2607 1892 2657; x_wconf 89' lang='lat' dir='ltr'>quod</span> 
     </span>
     <span class='ocr_line' id='line_1_31' title="bbox 218 2659 1884 2709; baseline 0.001 -10"><span class='ocrx_word' id='word_1_259' title='bbox 218 2661 365 2699; x_wconf 80' lang='lat' dir='ltr'>habent</span> <span class='ocrx_word' id='word_1_260' title='bbox 383 2665 462 2698; x_wconf 88' lang='lat' dir='ltr'>tres</span> <span class='ocrx_word' id='word_1_261' title='bbox 481 2665 593 2698; x_wconf 85' lang='lat' dir='ltr'>testes</span> <span class='ocrx_word' id='word_1_262' title='bbox 611 2659 743 2698; x_wconf 90' lang='lat' dir='ltr'>ABP</span> <span class='ocrx_word' id='word_1_263' title='bbox 758 2672 905 2709; x_wconf 92' lang='lat' dir='ltr'>parem</span> <span class='ocrx_word' id='word_1_264' title='bbox 1043 2661 1070 2698; x_wconf 91' lang='lat'>8</span> <span class='ocrx_word' id='word_1_265' title='bbox 1099 2660 1279 2698; x_wconf 85' lang='lat' dir='ltr'>extorsit</span> <span class='ocrx_word' id='word_1_266' title='bbox 1308 2659 1390 2697; x_wconf 87' lang='lat' dir='ltr'>BA</span> <span class='ocrx_word' id='word_1_267' title='bbox 1411 2674 1418 2698; x_wconf 93' lang='lat'>:</span> <span class='ocrx_word' id='word_1_268' title='bbox 1459 2674 1540 2700; x_wconf 90' lang='lat' dir='ltr'>om.</span> <span class='ocrx_word' id='word_1_269' title='bbox 1570 2660 1614 2698; x_wconf 92' lang='lat' dir='ltr'>P</span> <span class='ocrx_word' id='word_1_270' title='bbox 1688 2661 1884 2701; x_wconf 89' lang='lat' dir='ltr'>Raetiam</span> 
     </span>
     <span class='ocr_line' id='line_1_32' title="bbox 219 2713 1883 2765; baseline 0.002 -13"><span class='ocrx_word' id='word_1_271' title='bbox 219 2715 259 2752; x_wconf 92' lang='lat' dir='ltr'><em>A</em></span> <span class='ocrx_word' id='word_1_272' title='bbox 282 2729 291 2754; x_wconf 72' lang='grc' dir='ltr'>ε</span> <span class='ocrx_word' id='word_1_273' title='bbox 324 2716 524 2754; x_wconf 88' lang='lat' dir='ltr'>Rhetiam</span> <span class='ocrx_word' id='word_1_274' title='bbox 543 2713 586 2751; x_wconf 91' lang='lat' dir='ltr'>P</span> <span class='ocrx_word' id='word_1_275' title='bbox 719 2714 927 2753; x_wconf 91' lang='lat' dir='ltr'>Vindicos</span> <span class='ocrx_word' id='word_1_276' title='bbox 947 2713 1038 2762; x_wconf 65' lang='lat' dir='ltr'>del„</span> <span class='ocrx_word' id='word_1_277' title='bbox 1062 2714 1154 2753; x_wconf 83' lang='lat' dir='ltr'>dein</span> <span class='ocrx_word' id='word_1_278' title='bbox 1173 2720 1373 2765; x_wconf 82' lang='lat' dir='ltr'>suprascr.</span> <span class='ocrx_word' id='word_1_279' title='bbox 1395 2714 1640 2754; x_wconf 87' lang='lat' dir='ltr'>Vindelicos</span> <span class='ocrx_word' id='word_1_280' title='bbox 1660 2715 1703 2753; x_wconf 90' lang='lat' dir='ltr'><em>A</em></span> <span class='ocrx_word' id='word_1_281' title='bbox 1833 2730 1883 2756; x_wconf 88' lang='lat' dir='ltr'>ac</span> 
     </span>
     <span class='ocr_line' id='line_1_33' title="bbox 221 2768 1886 2818; baseline 0.001 -10"><span class='ocrx_word' id='word_1_282' title='bbox 221 2770 402 2808; x_wconf 88' lang='lat' dir='ltr'>Noricos</span> <span class='ocrx_word' id='word_1_283' title='bbox 422 2769 488 2808; x_wconf 91' lang='lat' dir='ltr'>P:</span> <span class='ocrx_word' id='word_1_284' title='bbox 518 2774 562 2807; x_wconf 92' lang='lat' dir='ltr'>et</span> <span class='ocrx_word' id='word_1_285' title='bbox 583 2768 683 2807; x_wconf 90' lang='lat' dir='ltr'>Nor.</span> <span class='ocrx_word' id='word_1_286' title='bbox 704 2768 747 2806; x_wconf 89' lang='lat' dir='ltr'><em>A</em></span> <span class='ocrx_word' id='word_1_287' title='bbox 861 2782 888 2818; x_wconf 94' lang='lat'><strong>9</strong></span> <span class='ocrx_word' id='word_1_288' title='bbox 917 2774 960 2807; x_wconf 85' lang='lat' dir='ltr'>et</span> <span class='ocrx_word' id='word_1_289' title='bbox 993 2769 1220 2808; x_wconf 78' lang='lat' dir='ltr'>Cor-discos</span> <span class='ocrx_word' id='word_1_290' title='bbox 1253 2768 1366 2808; x_wconf 92' lang='lat' dir='ltr'>AP:</span> <span class='ocrx_word' id='word_1_291' title='bbox 1411 2769 1662 2809; x_wconf 84' lang='lat' dir='ltr'>Scordiscos</span> <span class='ocrx_word' id='word_1_292' title='bbox 1700 2770 1886 2810; x_wconf 86' lang='lat' dir='ltr'>Gelenius</span> 
     </span>
     <span class='ocr_line' id='line_1_34' title="bbox 223 2822 1880 2874; baseline 0.002 -12"><span class='ocrx_word' id='word_1_293' title='bbox 223 2837 272 2862; x_wconf 92' lang='lat'>10</span> <span class='ocrx_word' id='word_1_294' title='bbox 301 2825 461 2874; x_wconf 90' lang='lat' dir='ltr'>Capad.</span> <span class='ocrx_word' id='word_1_295' title='bbox 499 2823 541 2860; x_wconf 94' lang='lat' dir='ltr'><em>A</em></span> <span class='ocrx_word' id='word_1_296' title='bbox 712 2833 761 2872; x_wconf 89' lang='lat'>15</span> <span class='ocrx_word' id='word_1_297' title='bbox 789 2822 983 2872; x_wconf 87' lang='lat' dir='ltr'>Albania,</span> <span class='ocrx_word' id='word_1_298' title='bbox 1022 2823 1202 2863; x_wconf 87' lang='lat' dir='ltr'>Hiberia</span> <span class='ocrx_word' id='word_1_299' title='bbox 1232 2823 1487 2863; x_wconf 84' lang='lat' dir='ltr'>Burmann:</span> <span class='ocrx_word' id='word_1_300' title='bbox 1503 2825 1684 2874; x_wconf 84' lang='lat' dir='ltr'>fortasse</span> <span class='ocrx_word' id='word_1_301' title='bbox 1712 2825 1880 2867; x_wconf 87' lang='lat' dir='ltr'>Albani.</span> 
     </span>
     <span class='ocr_line' id='line_1_35' title="bbox 220 2877 1883 2930; baseline 0.001 -13"><span class='ocrx_word' id='word_1_302' title='bbox 220 2880 412 2918; x_wconf 89' lang='lat' dir='ltr'>Hiberia.</span> <span class='ocrx_word' id='word_1_303' title='bbox 477 2877 600 2916; x_wconf 87' lang='lat' dir='ltr'>Valde</span> <span class='ocrx_word' id='word_1_304' title='bbox 618 2877 754 2916; x_wconf 82' lang='lat' dir='ltr'>dubito</span> <span class='ocrx_word' id='word_1_305' title='bbox 781 2891 886 2917; x_wconf 87' lang='lat' dir='ltr'>num</span> <span class='ocrx_word' id='word_1_306' title='bbox 906 2878 1173 2916; x_wconf 84' lang='lat' dir='ltr'>Albanorum</span> <span class='ocrx_word' id='word_1_307' title='bbox 1202 2878 1308 2929; x_wconf 68' lang='lat' dir='ltr'>regio</span> <span class='ocrx_word' id='word_1_308' title='bbox 1326 2877 1512 2917; x_wconf 78' lang='lat' dir='ltr'>Albania</span> <span class='ocrx_word' id='word_1_309' title='bbox 1537 2879 1883 2930; x_wconf 83' lang='lat' dir='ltr'>uocandafuerit:</span> 
     </span>
     <span class='ocr_line' id='line_1_36' title="bbox 219 2932 1884 2982; baseline 0.001 -10"><span class='ocrx_word' id='word_1_310' title='bbox 219 2933 372 2972; x_wconf 89' lang='lat' dir='ltr'>Hideri</span> <span class='ocrx_word' id='word_1_311' title='bbox 393 2932 435 2970; x_wconf 91' lang='lat' dir='ltr'><em>A</em></span> <span class='ocrx_word' id='word_1_312' title='bbox 591 2935 640 2970; x_wconf 90' lang='lat'>16</span> <span class='ocrx_word' id='word_1_313' title='bbox 668 2933 807 2982; x_wconf 92' lang='lat' dir='ltr'>adque</span> <span class='ocrx_word' id='word_1_314' title='bbox 826 2932 868 2969; x_wconf 89' lang='lat' dir='ltr'><em>A</em></span> <span class='ocrx_word' id='word_1_315' title='bbox 985 2932 1162 2972; x_wconf 89' lang='lat' dir='ltr'>Enioch.</span> <span class='ocrx_word' id='word_1_316' title='bbox 1183 2933 1226 2970; x_wconf 90' lang='lat' dir='ltr'><em>A</em></span> <span class='ocrx_word' id='word_1_317' title='bbox 1370 2945 1417 2982; x_wconf 93' lang='lat'>17</span> <span class='ocrx_word' id='word_1_318' title='bbox 1446 2933 1618 2972; x_wconf 87' lang='lat' dir='ltr'>Acheos</span> <span class='ocrx_word' id='word_1_319' title='bbox 1645 2932 1688 2970; x_wconf 94' lang='lat' dir='ltr'><em>A</em></span> <span class='ocrx_word' id='word_1_320' title='bbox 1835 2936 1884 2973; x_wconf 88' lang='lat'>18</span> 
     </span>
     <span class='ocr_line' id='line_1_37' title="bbox 219 2986 1879 3041; baseline 0.001 -15"><span class='ocrx_word' id='word_1_321' title='bbox 219 2988 277 3027; x_wconf 83' lang='lat' dir='ltr'>fili</span> <span class='ocrx_word' id='word_1_322' title='bbox 298 2987 388 3026; x_wconf 85' lang='grc' dir='ltr'>ΑΡ</span> <span class='ocrx_word' id='word_1_323' title='bbox 496 2987 730 3027; x_wconf 87' lang='lat' dir='ltr'>Pharnacis</span> <span class='ocrx_word' id='word_1_324' title='bbox 749 2986 793 3025; x_wconf 91' lang='lat' dir='ltr'><em>A</em></span> <span class='ocrx_word' id='word_1_325' title='bbox 811 3001 819 3027; x_wconf 76' lang='grc' dir='ltr'>ε</span> <span class='ocrx_word' id='word_1_326' title='bbox 858 2987 1099 3026; x_wconf 89' lang='lat' dir='ltr'>Pharnaces</span> <span class='ocrx_word' id='word_1_327' title='bbox 1118 2987 1162 3025; x_wconf 93' lang='lat' dir='ltr'>P</span> <span class='ocrx_word' id='word_1_328' title='bbox 1321 2999 1370 3025; x_wconf 82' lang='lat'>21</span> <span class='ocrx_word' id='word_1_329' title='bbox 1403 2987 1592 3027; x_wconf 88' lang='lat' dir='ltr'>reuertit&#39;</span> <span class='ocrx_word' id='word_1_330' title='bbox 1616 2988 1879 3041; x_wconf 83' lang='lat' dir='ltr'>(reuertitur)</span> 
     </span>
     <span class='ocr_line' id='line_1_38' title="bbox 217 3040 1555 3094; baseline 0.001 -13"><span class='ocrx_word' id='word_1_331' title='bbox 217 3042 259 3081; x_wconf 90' lang='lat' dir='ltr'><em>A</em></span> <span class='ocrx_word' id='word_1_332' title='bbox 279 3057 288 3084; x_wconf 77' lang='lat' dir='ltr'><em>z</em></span> <span class='ocrx_word' id='word_1_333' title='bbox 320 3042 495 3082; x_wconf 88' lang='lat' dir='ltr'>reuertit</span> <span class='ocrx_word' id='word_1_334' title='bbox 514 3041 557 3080; x_wconf 96' lang='lat' dir='ltr'>P</span> <span class='ocrx_word' id='word_1_335' title='bbox 717 3055 768 3093; x_wconf 82' lang='lat'>23</span> <span class='ocrx_word' id='word_1_336' title='bbox 798 3042 1080 3082; x_wconf 88' lang='lat' dir='ltr'>adfirmabant</span> <span class='ocrx_word' id='word_1_337' title='bbox 1099 3040 1199 3091; x_wconf 85' lang='grc' dir='ltr'>ΑΡ,</span> <span class='ocrx_word' id='word_1_338' title='bbox 1218 3055 1297 3082; x_wconf 88' lang='lat' dir='ltr'>em.</span> <span class='ocrx_word' id='word_1_339' title='bbox 1318 3041 1555 3094; x_wconf 82' lang='lat' dir='ltr'>Mommsen</span> 
     </span>
    </p>
   </div>
   <div class='ocr_carea' id='block_1_4' title="bbox 1024 3128 1074 3181">
    <p class='ocr_par' dir='ltr' id='par_1_4' title="bbox 1024 3128 1074 3181">
     <span class='ocr_line' id='line_1_39' title="bbox 1024 3128 1074 3181; baseline 0 -13"><span class='ocrx_word' id='word_1_340' title='bbox 1024 3128 1074 3181; x_wconf 87' lang='lat'>58</span> 
     </span>
    </p>
   </div>
   <div class='ocr_carea' id='block_1_5' title="bbox 1971 2293 2014 3392">
    <p class='ocr_par' dir='ltr' id='par_1_5' title="bbox 1971 2293 2014 3392">
     <span class='ocr_line' id='line_1_40' title="bbox 1971 2293 2014 3392; baseline 0 0"><span class='ocrx_word' id='word_1_341' title='bbox 1971 2293 2014 3392; x_wconf 95' lang='lat' dir='ltr'> </span> 
     </span>
    </p>
   </div>
  </div>
 </body>
</html>
